1668 2480
817 322 847 347 11
887 336 1017 339 -κῃ

243 396 334 422 textus
347 393 494 426 orationis,
517 393 565 428 qui
590 395 632 420 est
653 392 681 420 in
700 392 785 434 libelli
803 392 837 420 de
850 392 960 426 Quaest.
978 393 1055 421 Rom.
1074 392 1134 420 loco
1150 399 1234 428 supra
1246 393 1338 421 citato.
1361 394 1421 427 Quo

242 443 301 471 loco
314 452 398 479 quum
410 444 566 478 quaeratur,
579 441 677 477 quibus
690 442 796 470 caussis
808 442 937 475 evenerit,
957 445 989 469 ut
999 441 1115 470 Romani
1133 441 1268 478 postridie
1280 442 1421 476 Cslendus,

242 493 343 526 Nonas,
356 492 421 520 Idus
433 492 487 519 iter
499 491 590 519 imm
601 491 688 519 aliave
700 492 812 527 negotia
824 491 961 527 suscipere
977 490 1077 524 nolint,
1095 491 1259 520 Plutarchus
1277 492 1349 520 inter
1366 493 1421 521 alia

242 542 397 578 respondet,
408 541 547 569 Romanos
559 531 786 576 quemadmodum
799 541 916 576 primum
926 540 991 568 anni
1000 549 1120 568 mensem
1132 540 1184 568 diis
1197 541 1311 576 superis,
1330 550 1422 570 secun-

243 592 308 620 dum
320 594 413 620 autem
425 590 477 619 diis
489 590 583 619 inferis
596 590 772 624 sacraverint,
785 589 911 618 similiter
923 590 1006 617 etiam
1019 589 1052 617 de
1070 589 1159 618 tribus
1171 589 1225 618 illis
1238 590 1333 620 diebus
1346 591 1422 619 festis

242 642 384 677 tribusque
396 641 515 676 posteris
527 640 621 668 diebus
634 640 763 669 statuisse
776 640 869 674 videri,
889 642 918 668 et
930 640 1052 667 Graecos
1071 649 1179 676 quoque
1197 640 1269 668 diem
1284 641 1423 669 interlunia*

243 691 303 724 diis,
316 690 388 717 diem
400 692 539 725 posterum
550 689 679 716 heroibus
692 685 900 716 consecravisse.
929 689 999 715 Tum
1010 697 1074 715 vero
1091 694 1302 718 commemorato
1319 691 1374 724 ino,
1387 692 1422 719 de

242 749 295 776 quo
309 739 464 775 quaerimus
478 738 666 766 Themistoclis
679 738 760 770 dicto,
773 738 824 766 sub
836 737 917 765 finem
930 737 1019 771 addit,
1032 738 1183 773 antiquitus
1200 739 1275 774 apud
1287 739 1420 768 Romanos

242 790 282 816 ita
294 789 451 816 institutum
463 780 547 815 fuisse
560 787 653 820 videri,
666 790 697 814 ut
709 787 768 815 dies
781 787 866 814 festos
882 796 936 815 non
954 787 1083 815 continua
1102 788 1172 815 serie
1191 789 1349 823 exciperent
1365 790 1421 817 dies

243 837 359 872 operosi,
374 836 422 863 sed
434 836 575 864 intervallo
589 835 708 871 quodam
720 835 756 862 ab
768 836 801 862 iis
814 835 1033 871 disiungerentur
1045 838 1158 871 propter
1170 836 1330 871 improvisos
1349 837 1422 865 labo—

243 896 287 914 res
300 896 362 914 cum
374 886 490 922 negotiis
503 885 668 921 quotidianis
680 885 737 914 fere
750 885 916 912 coniunctos.
954 885 1065 912 Accedit
1078 885 1151 921 quod
1169 886 1208 914 sic
1224 886 1332 915 demum
1349 891 1422 915 reete

242 936 342 963 habere
355 935 480 962 videntur
492 935 575 961 verba
587 933 618 961 ἐν
637 930 711 970 αὐτῇ
730 933 762 961 δὲ
774 950 811 954 -
823 933 1013 967 σχολάζοντες.
1033 934 1102 961 Nam
1115 933 1151 962 τὰ
1171 936 1422 972 παρεσκευασμένα

243 985 316 1013 haud
329 984 408 1012 dubie
421 983 469 1011 illa
480 983 542 1018 ipsa
554 982 689 1016 dicuntur,
702 992 773 1018 quae
793 982 906 1010 alterius
923 982 976 1010 diei
988 983 1083 1010 labore
1101 986 1200 1018 parata
1219 987 1288 1012 sunt
1325 984 1382 1012 Iam
1399 985 1423 1012 si

244 1032 317 1071 αὐτῇ
329 1034 365 1062 ad
374 1034 446 1061 diem
455 1033 555 1060 festum
563 1033 698 1066 retuleris,
710 1042 804 1062 verum
816 1032 925 1069 quidem
938 1021 988 1066 est,
1001 1032 1072 1060 diem
1085 1032 1184 1060 festum
1195 1032 1249 1060 frui
1261 1033 1355 1069 opibus
1368 1034 1422 1062 diei

244 1084 351 1120 operosi
364 1083 457 1111 labore
469 1083 582 1119 paratis,
595 1082 644 1110 sed
656 1082 716 1110 iure
727 1084 820 1109 tamen
832 1082 951 1115 mireris,
964 1082 992 1108 in
1005 1082 1057 1109 hac-
1075 1082 1272 1110 sententiarum
1291 1083 1360 1111 serie
1372 1093 1421 1119 pro

244 1134 287 1162 die
299 1142 414 1169 operoso
425 1133 478 1161 dici
489 1132 559 1160 diem
569 1136 717 1168 posterum,
723 1132 942 1169 quandoquidem
953 1141 1022 1169 quas
1031 1132 1089 1160 dies
1097 1132 1206 1160 demum
1218 1141 1333 1168 sequens
1345 1143 1423 1169 para—

244 1183 281 1210 vit
288 1192 361 1218 opes,
368 1182 677 1217 iisfruinondumpotuit
685 1182 849 1209 antecedens
857 1181 915 1208 dies
927 1181 1020 1209 festus.
1040 1182 1088 1208 Sin
1101 1185 1193 1209 autem
1199 1182 1271 1209 idem
1278 1183 1345 1210 illud
1352 1181 1424 1220 αὐτῇ

244 1232 280 1260 ad
293 1232 364 1260 diem
376 1233 516 1267 posterum
529 1231 664 1264 retuleris,
677 1230 828 1258 rectissime
840 1230 864 1257 is
876 1230 931 1257 frui
939 1230 1038 1258 dicitur
1048 1230 1134 1266 epulis
1147 1232 1286 1267 superiore
1299 1232 1342 1259 die
1354 1231 1423 1259 festo

243 1282 356 1318 paratis.
394 1281 483 1318 Atque
495 1280 590 1308 similis
602 1283 645 1315 est
656 1280 825 1318 sequentium
837 1279 982 1308 verborum
994 1280 1072 1308 ratio.
1101 1280 1258 1317 Namquod
1270 1281 1327 1310 dies
1339 1281 1424 1310 festus

244 1332 297 1359 diei
309 1334 420 1367 postero
438 1330 610 1366 respondisse
632 1330 732 1358 dicitur
750 1326 813 1358 ἀλλ’
833 1329 904 1364 ἐμοῦ
925 1328 966 1366 μὴ
985 1330 1144 1368 γενομένης,
1157 1332 1192 1359 σὺ
1211 1328 1263 1360 οὐκ
1281 1329 1317 1360 ἂν
1336 1328 1422 1369 ἦσθα,

244 1381 273 1407 id
286 1389 320 1407 ex
332 1380 438 1414 vulgari
451 1380 556 1407 ratione
569 1381 641 1415 (eam
654 1379 722 1412 dico,
736 1388 791 1414 qua
804 1375 878 1416 αὒτῇ
889 1379 925 1407 ad
937 1379 1009 1407 diem
1026 1379 1125 1406 festum
1144 1380 1274 1416 refertur)
1292 1382 1336 1408 vix
1354 1390 1424 1408 com-

245 1429 356 1457 modum
369 1437 478 1457 sensum
490 1428 611 1464 praebet,
623 1429 676 1456 nisi
687 1428 758 1456 forte
771 1428 850 1461 hunc,
864 1431 895 1455 ut
907 1428 965 1455 dies
978 1436 1095 1463 sequens
1112 1437 1167 1456 non
1180 1438 1239 1456 esse
1259 1429 1299 1457 vel
1311 1430 1424 1465 cogitari

246 1488 327 1514 posse
339 1478 453 1511 dicatur,
466 1478 520 1505 nisi
532 1478 555 1505 si
567 1479 629 1513 quis
642 1478 711 1521 gilius
724 1478 783 1506 dies
794 1478 983 1515 praecesserit.
1021 1478 1155 1514 Anonymi
1167 1481 1261 1507 autem
1281 1488 1361 1514 quem
1382 1488 1423 1506 su-

245 1537 298 1563 pra
309 1528 366 1555 dixi
377 1528 462 1561 ratio,
478 1537 533 1563 qua
545 1529 690 1563 responsio
699 1529 766 1556 haec
778 1537 832 1556 non
849 1528 903 1555 diei
915 1527 998 1560 festo,
1021 1527 1069 1554 sed
1087 1530 1197 1563 postero
1217 1528 1270 1556 diei
1288 1528 1425 1560 tribuitur,

246 1586 414 1614 quamquam
425 1578 589 1607 sententiam
601 1587 651 1615 per
664 1587 694 1606 se
702 1577 871 1614 probabilem
880 1577 1037 1614 suppeditat
1046 1576 1124 1612 hanc,
1137 1579 1167 1605 ut
1179 1577 1238 1606 sine
1250 1577 1294 1606 die
1303 1580 1425 1614 opernm,

247 1628 294 1662 qui
305 1630 384 1663 paret
397 1637 471 1663 opes,
483 1637 570 1664 neque
583 1628 641 1657 dies
653 1628 747 1662 festus,
760 1629 807 1664 qui
819 1629 928 1656 fruatur
940 1628 993 1656 illis
1001 1650 1007 1661 ,
1029 1636 1089 1655 esse
1105 1637 1186 1663 posse
1199 1628 1319 1661 dicatur,
1336 1631 1426 1655 tamen

247 1676 341 1704 eodem
354 1676 427 1711 quod
439 1677 532 1712 paullo
545 1679 608 1704 ante
621 1677 685 1710 dixi,
700 1677 809 1704 laborat
827 1677 1011 1710 incommodo,
1030 1676 1104 1711 quod
1119 1677 1149 1703 in
1165 1676 1215 1703 tali
1233 1677 1426 1704 sententiam

246 1734 317 1753 nexu
330 1725 367 1753 ad
379 1725 587 1762 significandum
599 1726 670 1754 diem
682 1735 827 1762 operosum
846 1736 897 1763 pro
916 1726 960 1754 die
970 1748 976 1760 ,
998 1726 1045 1763 qui
1060 1728 1124 1761 post
1140 1725 1241 1754 festum
1262 1729 1317 1760 est,
1338 1727 1426 1762 potius

247 1775 320 1802 diem
331 1775 482 1810 profestum
494 1776 548 1805 dici
561 1776 712 1811 oportebat.
751 1776 853 1804 Contra
865 1777 889 1804 si
901 1778 1024 1803 nostram
1036 1775 1171 1802 rationem
1182 1776 1352 1811 probaveris,
1374 1777 1427 1803 iam

247 1827 343 1860 sponte
356 1824 509 1860 apparebit,
522 1834 604 1862 quam
612 1827 687 1853 recte
700 1825 758 1853 dies
770 1825 858 1853 festus
870 1824 1042 1861 responderit
1054 1823 1109 1851 diei
1119 1826 1238 1859 postero,
1252 1826 1310 1853 sine
1322 1825 1380 1861 ipso
1394 1835 1427 1854 ne

246 1874 322 1903 illum
339 1874 449 1911 quidem
461 1875 577 1911 cogitem·
593 1884 681 1911 posse.
692 1891 731 1907 Δ-
743 1875 871 1904 Ceterum
884 1874 1058 1904 Sehiiferus
1076 1881 1160 1910 quum
1176 1884 1228 1910 pro
1246 1871 1319 1913 αὐτῇ
1337 1875 1429 1903 ederet

248 1921 330 1961 αὑτῇ,
342 1924 414 1963 quod
426 1934 480 1952 non
491 1927 584 1960 potest
595 1926 648 1953 nisi
661 1925 698 1953 ad
716 1926 867 1953 subiectam
884 1925 1017 1952 orationis
1035 1924 1142 1957 refern',
1160 1925 1244 1952 tacite
1262 1924 1430 1959 significavit,

249 1972 301 2000 sibi
318 1981 426 2010 quoque
444 1973 511 2003 haec
528 1973 612 2003 verba
628 1973 666 2003 ad
684 1973 757 2003 diem
775 1976 917 2010 posterum
941 1973 1083 2005 referenda
1100 1973 1193 2002 videri
1232 1973 1429 2003 Sintenisius

1221 2028 1234 2048 2
1241 2027 1252 2036 .
