1668 2480
814 356 829 380 6

228 427 362 455 infinitivo
376 427 437 462 plus
449 426 606 454 offensionis
617 435 699 461 quam
711 427 739 453 in
749 426 891 461 particulis
904 436 987 462 supra
997 427 1077 455 dictis
1086 428 1176 455 inesse
1185 427 1280 464 possit.
1302 427 1413 455 Verum-

227 479 319 504 tamen
333 486 415 512 quum
428 475 500 511 apud
513 475 690 503 Plutarchum
703 475 812 511 quidem
825 476 923 503 similia
936 476 1064 504 Infinitivi
1077 476 1203 512 exempla¹
1215 476 1413 509 desiderentur,

227 535 365 561 quumque
377 526 503 553 universa
515 525 602 552 nostri
614 524 667 552 loci
680 525 768 552 oratio
780 524 873 559 paullo
885 526 987 553 rectius
996 526 1144 561 procedere
1153 525 1287 558 videatur,
1297 525 1320 552 si
1329 524 1413 552 verba

227 570 244 603 ὃ
265 573 293 604 δ’
314 571 349 613 ἢν
365 574 454 611 μόνον
466 570 621 611 ἀναγκαῖον
633 583 694 604 cum
707 573 883 609 sequentibus
897 573 925 602 οὶ
939 574 1043 603 πολλοὶ
1053 575 1188 610 χαλεπῶς
1200 570 1306 612 ἤκουον
1318 574 1413 606 statim

226 626 256 653 in
268 634 349 653 unam
359 624 522 652 sententiam
535 621 808 659 comprehendantur,
822 624 1042 660 quandoquidem
1054 625 1154 653 abiecti
1164 627 1192 652 et
1205 624 1316 652 demissi
1329 623 1412 651 animi

229 675 431 702 Atheniensium
444 674 512 701 haec
525 682 623 701 caussa
635 673 773 705 adfertur,
793 673 866 708 quod
879 682 894 701 e
907 674 1013 701 duabus
1033 683 1104 709 quae
1124 674 1199 702 solae
1219 673 1332 701 relictae
1352 682 1412 700 esse

227 724 394 757 viderentur,
414 723 510 750 salutis
531 723 582 750 viis
607 722 695 750 altera
712 721 870 758 (μάχεσθαι
888 722 1008 759 μυριάσι
1027 724 1150 761 στρατοῦ
1173 722 1338 755 τοσαύταις)
1358 731 1412 749 non

177 802 187 811 ο
227 776 363 809 poterant,
375 773 463 800 altera
475 771 537 809 (τὴν
556 771 643 800 πόλιν
661 768 787 809 ἀφέντας
804 770 928 809 ἐμφῦναι
945 774 1007 805 ταῖς
1026 770 1135 808 ναυσίν)
1149 772 1278 800 nolebant
1290 771 1344 799 uti:
1357 780 1412 799 non

227 831 390 858 magnopere
407 821 578 856 repugnabo,
595 821 618 847 si
636 822 696 855 quis
709 821 834 848 voculam
851 820 994 848 relativam
1013 830 1073 849 cum
1088 821 1268 849 Sintenisio
1287 820 1413 848 extermi-

227 881 295 899 nare
311 871 442 899 maluerit.

301 923 355 956 vap.
373 924 397 949 x.
417 922 439 956 ᾖ.
454 924 478 948 4.
517 917 611 948 αὐτῶν
629 917 657 948 δ’
678 917 837 955 ἀκάμπτων
856 919 931 957 πρὸς
956 917 1082 956 οἰμωγὰς
1108 919 1156 948 καὶ
1179 918 1289 957 δάκρυα
1308 918 1413 956 γονέων

228 970 276 998 καὶ
299 968 456 1008 περιβολὰς
479 968 683 1006 διαπερώντων
708 968 749 1002 εἰς
771 968 822 1006 τὴν
841 970 934 1006 νῆσον.
972 969 1003 995 In
1019 969 1062 996 his
1082 969 1201 996 Sinten.
1220 968 1273 1004 (ed.
1287 968 1412 1002 Weidm.)

228 1020 262 1048 ad
273 1019 381 1062 γονέων
400 1018 556 1046 adnotavit:
576 1019 637 1051 „die
657 1020 685 1046 in
704 1020 752 1046 der
771 1019 853 1045 ,stadt
871 1018 1118 1047 zumckblez'benden
1137 1020 1246 1047 Actene‘
1267 1017 1321 1046 Sed
1334 1026 1412 1045 senes

215 1069 361 1105 ,quosdam
382 1069 410 1095 in
432 1068 498 1096 urbe
521 1068 631 1095 relictos
654 1077 713 1095 esse
736 1068 912 1103 sequentibus
935 1067 1042 1095 demum
1055 1069 1143 1096 verbis
1166 1071 1340 1100 memoratur,
1362 1076 1412 1095 nec

227 1121 339 1154 possunt
358 1118 384 1146 h.
397 1118 414 1145 l.
428 1126 506 1145 senes
519 1117 566 1145 alii
580 1117 703 1153 intelligi,
717 1127 799 1153 quam
813 1117 859 1152 qui
877 1118 932 1144 iam
949 1126 1032 1153 supra
1049 1118 1138 1146 verbis
1159 1116 1187 1145 οὶ
1208 1117 1339 1146 πλεῖστοι
1357 1117 1413 1144 τῶν

225 1165 388 1205 Ἀθηναίων
411 1165 586 1200 ὑπεξέθεντο
610 1167 710 1204 γονέας
735 1167 784 1195 καὶ
802 1169 936 1204 γυναῖκας
955 1165 995 1200 εἷς
1017 1167 1159 1205 Τροιζῆνα
1183 1167 1329 1203 significati
1341 1170 1412 1194 sunt.

228 1217 266 1243 Ac
279 1225 314 1243 ne
331 1217 391 1251 quis
409 1225 442 1243 ex
459 1219 618 1251 antegresso
632 1217 742 1243 Aoristo
755 1214 929 1249 ὑπεξέθεντο
948 1216 1066 1251 colligat⁷
1080 1225 1160 1243 senes
1177 1216 1357 1250 mulieresque
1371 1225 1413 1242 su-

229 1275 280 1303 pra
292 1266 388 1299 dictos,
400 1268 493 1302 utpote
506 1265 560 1293 iam
574 1266 711 1294 Troezena
729 1269 894 1302 asportatos,
912 1275 982 1294 nunc
995 1265 1104 1302 quidem
1122 1265 1238 1302 intelligi
1257 1275 1311 1293 non
1324 1274 1412 1301 posse,

229 1316 374 1344 tenendum
396 1319 451 1349 est,
475 1316 654 1343 Plutarchum
668 1317 708 1344 rei
721 1317 776 1344 iam
789 1325 872 1352 supra
885 1320 1051 1344 memoratae
1067 1316 1212 1352 imaginem
1231 1325 1302 1343 nunc
1324 1315 1412 1343 denuo

229 1369 435 1401 repraesentare
449 1368 476 1393 et
489 1366 568 1401 quasi
582 1366 617 1392 ob
630 1366 723 1393 oculos
736 1375 845 1401 ponere,
860 1366 961 1393 scilicet
974 1368 1005 1393 ut
1018 1365 1166 1401 significet,
1185 1368 1316 1401 quantam
1329 1365 1413 1393 adini-

228 1416 362 1443 rationem
375 1415 472 1443 eximia
485 1414 533 1442 illa
545 1415 750 1443 Atheniensium
759 1415 891 1443 fortitudo
901 1416 1059 1443 excitaverit
1069 1415 1097 1442 in
1114 1415 1294 1451 spectantium
1308 1414 1412 1442 animis.

228 1465 316 1499 Atque
328 1465 395 1492 haec
408 1465 449 1491 ita
462 1473 522 1492 esse
532 1464 747 1492 luculentissime
757 1468 872 1499 apparet
882 1474 896 1491 e
910 1465 998 1492 verbis
1007 1465 1130 1500 proxime
1140 1465 1305 1500 antegressis
1316 1464 1413 1500 γενεὰς

226 1513 278 1549 μὲν
296 1510 370 1551 ἄλλῃ
385 1512 628 1552 προπεμπόντων.
667 1514 756 1547 Quum
768 1516 861 1541 autem
874 1515 969 1541 mirum
983 1514 1027 1547 sit,
1040 1514 1065 1541 h.
1075 1513 1092 1540 l.
1107 1514 1179 1541 solos
1192 1516 1320 1549 parentes
1334 1514 1413 1541 omis-

228 1564 264 1590 sis
278 1564 437 1591 mulieribus
451 1564 598 1599 liberisque
612 1565 832 1597 commemorari,
849 1573 983 1600 quumque
997 1564 1113 1592 eiulatus
1127 1567 1154 1591 et
1171 1563 1300 1591 lacrimae
1319 1566 1346 1590 et
1358 1572 1413 1591 am-

227 1613 322 1647 plexus
334 1613 493 1640 mulieribus
508 1614 591 1641 etiam
604 1614 692 1648 magis
707 1622 789 1648 quam
801 1614 959 1648 parentibus
972 1614 1115 1641 convenire
1128 1612 1279 1646 videantur,
1293 1612 1412 1640 Comes

227 1672 260 1690 cx
281 1663 387 1691 Amioto
406 1664 560 1691 coniecerat
578 1661 627 1691 καὶ
645 1661 756 1700 δάκρυα
771 1664 910 1699 γυναικῶν
928 1663 976 1692 καὶ
993 1663 1098 1692 τέκνων
1116 1659 1286 1701 περιβολᾶς,
1311 1662 1413 1691 Scha-

227 1714 316 1740 ferus
339 1716 430 1740 autem
450 1723 465 1740 e
484 1713 605 1749 Bryani
624 1713 784 1740 coniectura
796 1713 884 1740 solum
897 1714 1002 1750 γονέων
1019 1714 1047 1741 in
1060 1714 1200 1749 γυναικῶν
1218 1713 1340 1740 mutavit.
1377 1713 1414 1740 Et

225 1763 253 1789 in
267 1762 318 1789 hac
330 1762 438 1798 quidem
451 1763 615 1795 coniectura,
628 1762 714 1789 donec
727 1761 825 1797 aliquis
838 1762 951 1790 meliora
964 1763 1095 1795 docuerit,
1105 1762 1331 1798 acquiescendum
1343 1762 1414 1789 vide-

226 1814 271 1838 tur
289 1820 355 1838 esse.
395 1812 522 1839 Ceterum
539 1813 613 1838 reete
635 1811 844 1844 Sintenisius‚
864 1820 946 1848 quum
964 1812 1056 1847 paullo
1077 1815 1140 1839 ante
1161 1812 1189 1839 in
1207 1811 1297 1839 verbis
1313 1810 1414 1848 γονέας

226 1860 277 1895 μὲν
296 1857 370 1898 ἄλλῃ
391 1859 630 1898 προπεμπόνπων
643 1869 658 1888 e
672 1861 828 1889 coniectura
847 1871 904 1894 sua,
925 1870 1007 1897 quam
1025 1865 1121 1897 postea
1134 1861 1304 1889 confirmavit
1313 1861 1413 1889 codicis

228 1909 266 1936 Fa
278 1911 429 1937 auctoritas
442 1920 492 1945 pro
512 1910 612 1946 γονέας
625 1910 782 1945 scripsisset
795 1910 904 1946 γενεάς,
922 1910 994 1937 idem
1013 1914 1104 1938 tamen
1122 1911 1151 1937 in
1172 1911 1313 1947 sequentia
1331 1911 1413 1937 verba

228 1958 369 1986 transferri
383 1959 478 1991 noluit,
491 1959 566 1986 haud
578 1959 659 1986 dubie
678 1959 752 1995 quod
771 1957 899 1995 οἰμωγὰς
917 1958 964 1986 καὶ
984 1958 1093 1997 δάκρυα
1113 1960 1215 1995 γενεῶν
1233 1968 1330 1995 parum
1343 1968 1414 1986 com-

228 2008 306 2035 mode
319 2008 371 2036 dici
385 2008 572 2036 intellexisset.
