1668 2480
918 345 951 370 18

340 409 433 447 fuisse,
447 414 495 442 sed
513 415 667 450 quicunque
685 415 855 451 temporibus
877 416 978 443 servire
997 417 1025 443 et
1042 412 1171 444 arborum
1187 415 1277 444 instar
1293 415 1326 443 in'
1338 413 1434 452 quavis
1450 419 1525 445 terra

342 464 448 492 radices
470 472 551 500 agere
578 463 735 499 didicerint,
757 465 791 493 iis
812 465 841 492 in
862 464 984 500 quah'bet
1004 464 1112 492 civitate
1129 461 1269 501 tamquam
1289 464 1388 493 novam
1406 465 1525 502 patriam

342 514 460 541 existere
479 513 655 542 demonstret.
692 514 773 550 Atqui
791 514 862 542 hanc
881 514 970 550 ipsam
987 516 1074 542 artem
1093 516 1204 550 praeter
1220 517 1326 543 ceteros
1346 515 1475 544 didicisse
1485 517 1525 544 ait

341 563 510 592 Demetrium
529 563 692 593 Phalereum
709 567 736 592 et
753 563 969 592 Themistoclem.
1006 563 1076 592 Nani
1096 564 1173 592 illum
1185 564 1307 600 quidem,
1329 574 1413 601 quum
1430 566 1523 602 patria

341 614 435 650 pulsus
447 617 527 648 esset,
540 614 720 643 Alexandriae
731 614 803 642 inter
815 612 965 642 Ptolemaei
978 615 1051 651 regis
1064 614 1166 643 amicos
1184 615 1335 651 principem
1350 614 1440 643 locum
1457 616 1524 644 obti-

341 661 432 692 nuisse
445 664 596 701 opibusque
609 665 678 693 adeo
691 664 879 698 abundavisse,
891 668 924 693 ut
935 666 1018 693 etiam
1034 664 1243 692 Atheniensibus
1262 664 1334 692 dona
1350 665 1459 693 mittere
1477 675 1523 701 po-
1545 697 1552 701 ,

341 714 431 742 tuerit.
469 713 679 742 Themistoclem
690 716 782 742 autem
795 723 812 741 a
831 714 978 742 Persarum
997 723 1062 750 rege
1077 712 1134 742 ta'm
1146 713 1288 749 splendido
1308 715 1437 750 regioque
1449 715 1524 742 cultu

341 766 469 791 ornatum
490 765 728 800 sustentatumque
747 772 822 797 esse,
847 766 878 792 ut
891 772 951 792 eam
963 764 1051 800 ipsam
1076 764 1111 793 ob
1136 773 1261 792 caussam
1278 764 1358 792 uxori
1375 764 1523 801 liberisque

341 813 448 847 dixerit,
461 814 628 849 pereundum
641 814 692 842 sibi
705 813 796 847 fuisse,
809 814 861 841 nisi
874 814 1025 849 periissent.
1064 814 1106 841 Ex
1118 814 1217 849 quibus
1230 813 1354 841 omnibus
1370 816 1468 849 sponte
1484 814 1523 840 in-

341 862 480 898 telligitur,
492 863 671 891 Plutarchum
685 863 708 891 si
718 863 814 890 ducem
827 871 982 899 sequamur,
995 872 1050 891 non
1059 863 1239 899 posteriorem
1247 863 1329 897 illam,
1343 862 1391 891 sed
1403 863 1522 899 priorem

342 921 422 949 quam
435 912 492 940 dixi
504 913 638 941 rationem
649 913 728 941 unice
740 913 852 949 probari
864 921 951 948 posse,

415 964 469 998 (lap.
489 964 549 991 XXX.
569 964 591 999 ξ.
618 965 641 990 2.
680 964 737 991 τῶν
755 962 787 990 δὲ
809 962 860 1000 τὴν
882 961 1182 999 σκηνήν-κομιζόντων
1206 961 1368 999 ὑποζυγίων
1389 961 1452 996 ἑνὸς
1481 961 1522 995 εἰς

342 1011 475 1046 ποταμὸν
493 1010 676 1047 ἐμπεσόντος.
714 1012 756 1039 Ad
776 1012 844 1040 haec
866 1012 1065 1040 Sintenisius
1085 1021 1167 1050 quum
1180 1013 1244 1041 olim
1267 1012 1320 1049 (ed.
1338 1013 1400 1041 mai.
1417 1012 1520 1048 Them.)

342 1060 513 1089 adnotasset:
534 1063 694 1096 „articulum
714 1058 764 1090 τόν
782 1065 830 1100 qui
848 1064 911 1091 olim
931 1064 1088 1096 addebatur,
1107 1066 1160 1091 nisi
1176 1064 1240 1091 libri
1258 1068 1283 1091 et
1298 1064 1393 1100 scripti
1410 1068 1436 1091 et
1455 1064 1521 1091 editi

340 1122 420 1148 mque
439 1112 475 1139 ad
495 1112 625 1149 Stephani
645 1118 765 1150 tempora
784 1115 942 1142 damnarent
961 1124 1094 1145 consensu,
1114 1123 1161 1149 eqo
1184 1113 1289 1149 quidem
1306 1113 1389 1149 facile
1408 1114 1520 1149 serrem,

340 1161 540 1198 intelliyendnm
559 1162 591 1189 de
611 1172 649 1195 eo,
662 1165 710 1199 qui
721 1164 759 1190 ibi
771 1169 830 1191 erat
843 1164 957 1201 fluvio“‚
977 1172 1049 1191 nunc
1063 1164 1262 1199 exspectaveris
1275 1172 1337 1191 eum
1349 1164 1520 1198 recepturum

340 1208 424 1238 fuisse
437 1211 589 1245 articulum,
607 1221 688 1249 quem
705 1214 733 1240 in
750 1213 808 1241 cod.
828 1213 868 1241 Fa
887 1213 952 1241 addi
969 1214 1145 1249 cognovisset.
1182 1214 1219 1241 Et
1235 1213 1338 1249 mcepit
1355 1221 1418 1240 eum
1434 1212 1462 1239 in
1481 1211 1521 1238 ed.

341 1261 450 1295 Teubn.‚
468 1261 516 1289 sed
532 1271 628 1290 rursus
647 1262 745 1290 delevit
760 1263 789 1290 in
810 1263 849 1290 ed-
863 1262 976 1291 Weidm.
993 1266 1014 1290 l.
1028 1266 1057 1291 et
1070 1265 1093 1291 2.
1107 1263 1273 1291 Bekk‘erus
1292 1265 1383 1290 autein
1400 1262 1521 1290 Teubne—

340 1310 445 1339 rianum
457 1313 573 1340 maxime
590 1313 728 1349 exemplar
740 1315 881 1350 sequutus,
898 1316 973 1341 reete
986 1313 1112 1341 restituit.
1133 1329 1136 1332 -

411 1363 464 1397 Cap·
483 1364 554 1390 xm.
575 1363 598 1398 ξ.
615 1365 636 1390 1.
675 1360 715 1396 ὥς
734 1361 759 1390 δ’
779 1358 870 1400 ἦλθεν
889 1361 930 1396 εἰς
948 1362 1071 1401 Σάρδεις
1089 1362 1138 1391 καὶ
1156 1363 1260 1400 σχολὴν
1279 1360 1356 1400 ἷίγων
1374 1359 1518 1389 ἐθεάσατο

337 1413 393 1439 τῶν
417 1409 502 1449 ἱερῶν
525 1411 576 1449 τὴν
598 1412 774 1449 κατασκευὴν
796 1412 845 1440 καὶ
863 1413 920 1440 τῶν
941 1409 1138 1450 ἀναθημάτων
1156 1412 1189 1440 τὸ
1208 1412 1333 1449 πλῆθος,
1352 1407 1410 1439 εἶδε
1422 1409 1471 1438 καὶ
1490 1409 1519 1439 ἐν

337 1460 459 1499 Μητρὸς
477 1459 547 1499 ἱερῷ
564 1462 616 1499 τὴν
634 1462 811 1499 καλουμένην
828 1459 995 1499 ὑδροφόρον
1014 1460 1101 1499 κόρην
1125 1472 1149 1489 κ.
1161 1471 1185 1489 τ.
1198 1461 1223 1489 λ.
1260 1461 1292 1488 In
1308 1461 1350 1489 his
1367 1469 1436 1496 quae
1456 1462 1519 1495 post

337 1506 396 1538 εἶδε
414 1511 443 1537 in
456 1511 514 1538 cod.
527 1511 589 1547 Par.
605 1513 671 1538 1671
687 1511 772 1547 (apud
785 1511 903 1538 Sinten.
916 1511 997 1538 litera
1009 1510 1032 1538 A
1047 1511 1165 1546 signato)
1178 1519 1195 1538 a
1211 1511 1300 1546 prima
1315 1519 1397 1545 manu
1412 1509 1519 1545 legeba-

336 1562 390 1593 tur,
404 1560 453 1587 sed
465 1563 562 1596 postea
575 1569 655 1588 erasa
668 1563 710 1588 est
722 1559 818 1588 vocula
835 1559 880 1593 δέ,
900 1560 928 1587 in
941 1569 1001 1587 eam
1021 1558 1177 1587 coniectura
1189 1559 1321 1588 inciderat
1342 1560 1463 1588 Ceratis
1485 1568 1518 1587 ac

337 1610 450 1646 proinde
462 1613 551 1639 totum
567 1610 657 1639 locum
674 1610 714 1638 sic
729 1610 886 1646 interpungi
898 1610 990 1644 voluit,
1003 1613 1034 1638 ut
1046 1609 1173 1646 apodosis
1185 1615 1268 1638 non‘a
1285 1610 1368 1639 verbo
1385 1606 1457 1644 εἶδε,
1471 1609 1519 1637 sed

336 1660 409 1688 infra
421 1660 529 1689 demum
542 1670 560 1689 a.
572 1661 661 1689 verbis
675 1658 733 1689 ei‘ve
751 1660 787 1698 δή
806 1661 946 1696 inciperet.
966 1660 1044 1688 Hanc
1056 1660 1139 1695 igitur
1151 1660 1334 1688 coniecturam
1347 1669 1430 1696 quum
1441 1668 1518 1695 prae-

337 1713 418 1738 eunte
431 1708 599 1744 Schfflerd,
619 1719 699 1747 quem
711 1712 808 1745 postea
820 1709 888 1737 facti
900 1710 1042 1745 poenituit,
1065 1709 1262 1737 Sintenisius
1275 1718 1382 1746 quoque
1401 1709 1518 1745 primum

336 1760 484 1795 recepisset
497 1761 550 1797 (ed.
556 1761 619 1789 min.
627 1760 842 1802 Them.),postea
850 1761 942 1787 autem
952 1759 1097 1795 sprevisset
1109 1759 1182 1795 (inde
1191 1768 1208 1787 a
1217 1760 1280 1787 mai.
1285 1759 1326 1787 ed.
1331 1759 1423 1787 Them.
1433 1767 1531 1795 usque*

336 1809 373 1837 ad
385 1810 451 1837 Vitt.
464 1810 504 1837 ed.
518 1811 639 1846 Teubn.)‚
652 1810 808 1846 nuperrime
820 1817 919 1836 rursus
932 1809 959 1835 in
972 1808 1094 1836 ordinem
1107 1809 1208 1844 recepit
1220 1808 1273 1844 (ed.
1287 1811 1311 1836 2.
1325 1808 1459 1842 Weidm.),·
1478 1808 1519 1834 ita

336 1859 454 1897 quidem,
466 1862 497 1887 ut
519 1859 599 1887 simul
621 1859 818 1887 exterminaret
839 1860 995 1894 sequentem
1007 1857 1169 1894 particulam
1189 1855 1246 1891 καί,
1266 1857 1340 1895 quod
1360 1857 1433 1885 idem
1454 1856 1519 1884 fecit

337 1911 419 1938 etiam
430 1910 605 1938 Bekkerus.
643 1908 777 1937 caussam
793 1910 896 1941 autem,
919 1916 968 1935 cur
988 1907 1040 1935 sibi
1056 1907 1211 1943 displiceret
1227 1904 1368 1944 vulgatum
1384 1902 1443 1934 εἶδε
1461 1904 1518 1939 καί,

338 1960 455 1987 Sinten.
469 1959 523 1994 (ed.
536 1960 599 1986 mai.
612 1959 717 1993 Them.)
730 1958 822 1985 attulit
833 1958 912 1990 hanc,
930 1957 1003 1993 quod
1015 1955 1072 1984 εἴτε
1090 1957 1228 1992 particula
1246 1956 1338 1992 paullo
1358 1955 1517 1983 insolentius

337 2009 375 2034 sic
397 2008 487 2043 posita
509 2006 647 2034 videretur
669 2006 866 2034 enunciationis
887 2006 971 2034 initio.
1009 2005 1062 2035 Sed
1084 2005 1155 2033 hunc
1175 2008 1268 2034 tamen
1280 2004 1438 2041 scrupulum
1456 2004 1517 2048 viro
