1668 2480
667 356 797 360 —-—-
838 342 870 367 14
911 356 1035 360 μμ.-

258 413 285 439 d.
306 413 388 440 Rom.
407 412 505 440 Rechts
524 411 548 440 11
560 421 585 448 p.
598 414 659 439 448.
711 412 814 446 Quibus
830 413 937 441 accedit
953 413 1036 441 etiam
1053 412 1127 450 quod
1143 416 1238 441 nostro
1257 413 1366 450 quidem
1385 414 1445 442 loeo

256 461 292 488 de
303 461 437 489 eiusmodi
450 461 583 496 supplicio
595 462 772 497 cogitandum
785 462 899 495 videtur,
912 471 967 498 quo
980 463 1077 498 capitis
1087 463 1208 490 damnati
1217 472 1272 490 non
1284 463 1312 490 in
1325 472 1445 496 carcero,

257 510 307 537 sed
318 509 424 546 publice
438 509 620 538 afficerentur.

332 559 466 588 Nimirum
477 562 510 587 ut
522 563 597 588 recte
610 560 644 588 de
656 560 746 588 verbis
757 561 815 588 τῶν
823 556 1031 597 ἀπαγχομένων
1043 560 1158 589 iudicari
1166 561 1261 597 pmisit,
1267 561 1348 589 simul
1361 562 1443 590 etiam

257 609 291 637 (le
304 609 428 645 sequenti
439 608 680 647 καθαιρεθέντων
689 610 816 646 quaestio
829 610 999 638 instituenda
1010 613 1059 638 est.
1096 610 1137 638 De
1149 611 1290 647 quo-quod
1302 610 1444 639 adnotavit

258 659 381 687 Sinten.
394 656 479 691 „wdhl
499 658 641 696 allyemet'n
660 659 744 692 deror,
763 661 806 687 dio
825 661 894 688 einen
905 660 1093 699 qualteameu
1109 660 1193 688 Tadu
1203 661 1351 696 queorbm,
1370 662 1442 689 nicht

256 711 306 736 mit
324 704 459 744 βρόχους,
478 709 592 736 condez-n
611 710 661 736 ‘mit
681 707 783 744 ἱμάτια
804 720 835 737 zu
855 709 1023 743 verbinden,“
1042 709 1071 736 id
1091 714 1187 737 vereor
1204 719 1238 737 ne
1255 710 1367 745 probari
1388 720 1442 738 nou

257 758 352 793 possit.
390 756 461 785 Nam
475 766 544 793 quos
556 757 624 785 dicit
636 757 759 786 homines
772 768 821 794 per
834 759 887 786 vim
899 761 1030 792 mortum,
1049 768 1104 786 non
1121 758 1189 787 alios
1206 758 1358 795 significare
1371 759 1443 787 vide-

255 811 301 835 tur
314 808 366 835 nisi
376 816 430 840 ece,
444 807 492 842 qui
505 810 553 835 aut
566 808 699 843 supplicio
711 808 803 836 affecti
815 809 878 843 sint,
891 813 940 837 aut
952 818 1063 837 manum
1071 809 1123 836 sibi
1135 809 1189 844 ipsi
1197 809 1345 843 intulerint,
1359 819 1443 845 quau-

256 857 402 892 doquidem
415 866 518 888 eorum,
531 859 577 892 qui
590 858 632 885 vel
645 858 765 885 hostium
777 868 860 886 manu
873 859 916 886 vel
928 868 977 894 per
990 859 1101 886 sicarios
1115 858 1157 885 vel
1173 867 1239 885 casu
1254 858 1370 886 adverso
1383 868 1442 893 per-

254 907 357 940 iissent,
371 915 420 933 nec
434 915 552 942 corpora
564 907 687 942 proiecta
700 917 750 935 nec
762 908 924 936 vestimenta
937 909 1057 944 seposita
1070 917 1130 936 esse
1143 907 1270 935 credibile
1284 910 1333 935 est.
1358 908 1443 943 Atqui

256 957 289 984 de
301 957 342 989 iis,
356 956 403 991 qui
416 958 532 983 mortem
546 957 597 984 sibi
610 957 662 992 ipsi
675 958 863 991 consciverint,
876 958 992 993 cogitari
1004 961 1079 985 vetat
1090 958 1178 993 ipsum
1190 966 1276 992 genus
1294 957 1367 985 verbi
1381 967 1442 993 pas-

223 1011 226 1019 ¹
256 1007 348 1033 sivum.
385 1006 426 1034 De
438 1006 473 1034 iis
486 1009 579 1034 autem
592 1007 639 1043 qui
653 1007 785 1042 supplicio
798 1008 889 1035 affecti
902 1008 964 1041 sint,
985 1008 1129 1044 quominus
1148 1007 1201 1034 diei
1221 1010 1361 1043 putemus,
1382 1008 1441 1043 ipsa

255 1056 390 1083 sententia
412 1056 555 1084 verborum
577 1057 708 1092 impedire
732 1057 846 1085 videtur.
889 1057 959 1085 Nam
981 1058 1004 1084 si
1025 1060 1212 1092 antegressum
1227 1053 1442 1093 ,ἀπαγχομένων

254 1114 335 1132 sensu
352 1105 441 1133 medio
462 1106 642 1139 intellexeris,
667 1106 726 1134 fieri
743 1106 866 1142 profecto
885 1116 940 1134 non
958 1109 1062 1142 potest,
1082 1110 1113 1134 ut
1128 1107 1215 1142 primo
1233 1106 1293 1133 loco
1309 1106 1441 1141 supplicio

253 1154 352 1188 affecti,
366 1155 454 1183 altero
468 1165 518 1183 sua
530 1165 614 1184 manu
626 1156 795 1192 interempti,
811 1158 892 1185 tertio
912 1166 1008 1185 rursus
1027 1156 1158 1192 supplicio
1174 1156 1265 1184 affecti
1282 1164 1441 1184 commemo-

253 1207 356 1232 rentur.
395 1205 442 1232 Sin
455 1205 524 1232 illud
540 1206 649 1241 passivo
663 1215 744 1232 sensu
756 1208 903 1241 acceperis,
916 1216 971 1243 quo
983 1206 1094 1233 tandem
1112 1198 1192 1233 modo
1204 1203 1442 1242 καθαιρεθέντων

254 1263 272 1280 a
288 1254 472 1289 superioribus
489 1255 713 1290 θανατουμένων
730 1258 758 1282 et
773 1251 982 1292 ᾇπαγχομένων
1000 1255 1128 1291 distingui
1150 1254 1277 1290 putabis?
1318 1254 1440 1290 Denique

254 1304 397 1340 quominus
410 1307 542 1341 utrosque
555 1304 635 1331 simul
648 1304 796 1340 intelligas,
812 1309 842 1333 ut
860 1306 939 1342 quasi
957 1306 986 1333 in
1002 1314 1084 1333 unum
1102 1303 1367 1339 comprehendantur
1383 1304 1440 1340 qui-

254 1363 360 1390 cunque
378 1357 426 1381 aut
445 1362 495 1381 sua
507 1356 555 1381 aut
568 1354 703 1381 carnificis
713 1364 795 1383 manu
810 1356 956 1390 perierint,
977 1356 1094 1383 maxime
1112 1355 1164 1382 hoc
1181 1353 1286 1386 obstat,
1303 1353 1376 1390 quod
1393 1363 1439 1383 eos

255 1413 347 1432 omnes
360 1404 407 1432 uni
419 1403 473 1439 legi
487 1403 623 1431 subiectos
636 1403 720 1432 fuisse
732 1414 830 1440 parum
843 1405 974 1433 credibile
987 1408 1036 1433 est.
1073 1404 1185 1432 Accedit
1197 1403 1277 1440 quod,
1296 1403 1320 1431 si
1331 1405 1439 1431 καθαι-

252 1455 393 1492 ρεθέντων
409 1452 529 1482 ejusdem
542 1454 650 1488 generis
663 1454 699 1481 sit
711 1463 773 1482 eum
785 1455 972 1490 superioribus
985 1455 1073 1482 verbis
1087 1457 1114 1482 et
1133 1455 1237 1490 pariter
1249 1456 1331 1489 atque
1344 1453 1391 1480 ills.
1404 1452 1439 1480 ad

251 1503 363 1540 aliquod
379 1504 475 1531 mortis
497 1512 582 1538 genus
601 1502 750 1537 referatur,
767 1504 827 1531 iure
844 1505 951 1532 mireris
970 1506 1123 1539 temporum
1139 1503 1331 1531 diversitatem.
1369 1502 1439 1530 Nam

252 1561 336 1589 quum
348 1553 513 1581 Plutarchus
526 1552 568 1580 bis
581 1553 719 1588 posuisset
732 1553 911 1590 Participium
923 1553 1078 1582 Praesentis
1091 1563 1124 1581 ex
1141 1562 1173 1581 eo
1185 1561 1265 1589 quem
1280 1543 1368 1588 'supra
1383 1551 1439 1579 dixi

251 1613 311 1638 usu,
324 1604 419 1641 quidni
432 1604 514 1632 etiam
526 1603 608 1631 tertio
621 1602 680 1631 loco
693 1603 832 1639 scripserit
844 1603 1104 1643 καθαιρουμένωνὶ)
1135 1603 1191 1641 Nec
1204 1603 1319 1639 denique
1328 1601 1438 1635 infitior,

251 1654 317 1681 mihi
330 1654 439 1690 quidem
452 1654 476 1680 si
488 1662 543 1680 non
555 1653 748 1686 necessan‘um,
761 1656 836 1681 certe
848 1654 935 1681 multo
945 1653 1091 1690 simplicius
1104 1653 1200 1686 videri,
1219 1655 1363 1687 utrumque
1381 1660 1438 1678 ver—

204 1704 211 1708 '
250 1703 315 1730 bum
328 1704 397 1738 (τῶν
409 1699 618 1738 ἀπαγχομένων
637 1704 665 1729 et
681 1702 931 1740 καθαιρεθέντων)
944 1712 1006 1729 cum
1022 1704 1136 1738 utroque
1153 1702 1260 1729 nomine
1278 1704 1437 1736 antegresso

251 1752 298 1788 (τὰ
318 1751 421 1788 ἱμάτια
441 1756 468 1780 et
487 1751 556 1785 τούς
574 1751 708 1790 βρόχους)
721 1753 856 1788 coniungi.
893 1753 971 1785 Quae
983 1761 1065 1788 quum
1077 1752 1117 1780 ita
1129 1752 1194 1785 sint,
1208 1751 1300 1779 malim
1313 1750 1437 1788 equidem

251 1803 362 1831 verbum
376 1804 529 1839 καθαιρεῖν
549 1811 610 1829 cum
629 1802 878 1838 Wyttenbachio
897 1801 965 1837 (Iud.
985 1801 1055 1829 Plut.
1073 1811 1098 1837 p.
1117 1804 1169 1830 435
1192 1801 1232 1829 ed.
1251 1801 1335 1837 Lips.)
1355 1801 1437 1828 inter—

250 1852 355 1888 pretari
368 1861 556 1887 suspensos
572 1861 590 1879 a
608 1852 768 1888 patibulo
788 1852 936 1884 demere;
956 1861 1010 1887 quo
1028 1860 1109 1879 sensu
1122 1860 1176 1879 non
1188 1850 1277 1879 solum
1290 1850 1363 1886 apud
1376 1850 1437 1877 Plu-

250 1903 375 1930 tarchum
399 1903 490 1938 ipsum
514 1903 613 1939 leg-itur
636 1903 713 1938 Agid.
735 1905 784 1930 20:
811 1901 864 1939 τὴν
884 1901 997 1939 μητέρα
1026 1901 1127 1940 νεκρὰν
1146 1918 1183 1922 -
1200 1900 1232 1929 ἐκ
1254 1902 1306 1928 τοῦ
1330 1900 1436 1938 βρόχου

251 1949 516 1999 κρεμαμένην-αὐτὴ
535 1954 596 1985 τοῖς
613 1950 771 1990 ὑπηρέταις
784 1951 965 1988 συγκαθεῖλε,
986 1961 1078 1979 verum
1097 1952 1179 1979 etiam
1199 1951 1301 1986 Evang.
1315 1951 1379 1979 Luc.
1393 1954 1436 1985 23,

252 2003 293 2028 53.
330 2001 439 2037 Joseph.
457 2001 488 2029 B.
504 2001 529 2029 J.
547 2001 591 2029 lv.
610 2005 634 2034 5,
655 2004 678 2029 2.
693 2001 761 2030 Phil.
779 2001 808 2027 iu
830 1999 917 2028 Flacc.
934 2009 959 2035 p.
979 2003 1031 2028 977
1053 2001 1084 2034 Α,
1103 2000 1201 2037 quibus
1223 2000 1289 2028 locis
1311 2000 1435 2029 omuibus
