1668 2480
895 334 927 359 12

316 407 409 433 autem
421 404 494 442 quod
506 404 535 432 in
547 402 709 432 editionibus
723 407 845 440 (praeter
857 406 988 433 minorem
1008 414 1032 432 a.
1048 405 1129 439 1829)
1148 405 1273 433 omnibus
1290 406 1412 433 restituit
1429 403 1502 443 αὐτῇ

317 463 372 481 non
383 454 445 481 ideo
457 453 556 480 fecisse
568 452 684 487 videtur,
696 454 771 490 quod
784 452 857 492 αὐτῇ
876 454 911 482 ad
925 454 996 481 diem
1008 453 1108 481 festum
1120 452 1243 486 referret,
1257 453 1306 480 sed
1318 455 1391 490 quod
1403 464 1437 482 ne
1449 455 1501 482 hoc

316 503 424 539 quidem
436 502 491 530 alio
503 502 558 529 nisi
569 502 606 529 ad
618 502 769 531 subiectum
783 504 916 531 orationis
929 502 1026 531 referri
1043 511 1125 538 posse
1142 505 1273 530 censeret.
1318 502 1397 537 Quod
1409 506 1500 532 autem

316 552 389 581 idem
402 552 521 580 Sinten.
534 560 584 588 pro
602 552 711 589 vulgato
731 552 782 589 τὴν
800 551 922 592 ὑστέραν
941 556 968 581 et
976 547 1006 581 'h.
1026 553 1042 581 1.
1056 556 1084 581 et
1101 554 1135 582 de
1148 553 1210 581 fort.
1228 553 1305 581 Rom.
1324 562 1350 589 p.
1365 555 1417 582 320
1430 554 1454 582 Ε
1467 563 1501 582 ex

317 603 398 630 tertio
410 602 470 629 loco
487 601 598 635 Quaest.
616 601 694 629 Rom.
707 611 732 638 p.
746 604 800 630 270
817 603 840 630 B
853 604 973 631 conexit
985 602 1036 640 τὴν
1053 600 1215 641 ὑστεραίαν,
1228 603 1257 630 id
1276 612 1337 631 cum
1354 603 1500 632 Bekkero

316 653 374 687 ipse
386 660 492 688 quoque
504 650 592 686 probo
604 654 751 686 propterea
768 652 842 688 quod
854 652 1031 680 Plutarchum
1050 652 1114 680 alibi
1127 647 1260 690 nusquam
1278 652 1350 680 diem
1361 655 1500 688 posterum

317 700 367 739 τὴν
384 698 506 739 ὑστέραν
525 699 627 728 dixisse
639 702 753 737 reperio.
793 702 962 739 Quamquam
976 702 1045 730 dixit
1057 703 1093 740 τῇ
1112 703 1240 740 προτέρᾳ
1253 700 1346 740 ἡμέρᾳ
1365 703 1499 738 Apophth.
1548 737 1551 746 Ι

316 752 380 780 Lac.
392 760 419 788 p.
432 752 486 779 236
498 750 529 785 B,
543 750 566 778 si
578 758 646 778 sana
659 753 702 778 est
713 750 801 779 lectio.
1319 748 1323 751 ”

390 803 442 837 unp.
461 801 520 828 ΠΙ.
540 801 563 836 ἓ.
585 803 607 828 l.
646 794 680 828 οὗ
701 802 748 828 νῦν
765 801 801 829 τὰ
821 801 941 836 σώματα
960 804 1017 830 τῶν
1030 801 1252 837 θανατουμένων
1265 800 1294 830 οἶ
1307 802 1408 839 δήμιοι
1427 812 1500 840 προ-

316 850 458 886 βάλλουσι
476 848 526 877 καὶ
543 848 579 877 τὰ
599 849 700 884 ἱμάτια
719 849 768 878 καὶ
786 850 852 884 τούς
870 850 993 888 βρόχους
1010 851 1068 878 τῶν
1086 847 1294 887 ἀπαγχομένων
1320 851 1369 879 καὶ
1391 853 1499 880 καθαι-

316 899 459 937 ρεθέντων
478 899 656 938 ἐκφέρουσιν.
682 899 713 926 In
726 899 768 927 his
781 902 897 936 primum
911 900 1020 937 quidem
1032 901 1143 928 verbum
1153 898 1360 938 ἀπαγχομένων
1379 900 1498 929 Sinten.

317 959 398 985 quum
411 949 476 977 olim
489 949 541 985 (ed.
554 950 615 976 mai.
629 949 733 984 Them.)
747 950 906 983 dubitasset,
920 950 991 977 sitne
1004 959 1085 977 sensu
1094 950 1182 977 medio
1192 950 1226 977 de
1238 947 1280 983 iis,
1294 951 1340 986 qui
1353 950 1498 985 suspendio

317 1007 394 1026 suam
405 999 458 1034 ipsi
470 999 554 1026 vitam
565 998 702 1026 finiverint
711 1021 717 1032 ,
736 999 891 1041 anupassivo
905 999 939 1027 de
952 1000 985 1026 iis
997 1008 1066 1036 quos
1079 998 1199 1027 carnifex
1211 998 1309 1035 laqueo
1319 999 1499 1034 suspenderit,

315 1048 527 1085 intelligendum,
539 1050 637 1084 postea
656 1048 708 1085 (ed.
727 1048 840 1076 Weidm.
857 1049 891 1084 1.)
911 1058 993 1077 sensu
1011 1049 1100 1077 medio
1112 1049 1259 1082 intellexit,
1282 1049 1330 1076 sed
1343 1049 1394 1082 ita,
1416 1050 1447 1076 ut
1464 1058 1498 1076 ne

316 1107 386 1125 nunc
399 1098 508 1134 quidem
521 1097 573 1133 (ed.
587 1097 701 1125 Weidm.
716 1098 751 1133 2.)
766 1107 872 1126 omnem
885 1098 1083 1127 dubitationem
1096 1098 1231 1126 abiecerit.
1268 1098 1308 1126 Ac
1320 1100 1412 1134 potest
1425 1106 1498 1130 sane.

316 1148 338 1175 si
357 1148 398 1183 ab⁴
411 1147 506 1175 addito
530 1148 767 1185 καθαιρεθέντων
777 1148 958 1182 discesseris,
980 1158 1025 1176 res
1048 1157 1178 1184 perquam
1196 1148 1278 1175 dubia
1299 1147 1393 1175 videri.
1429 1148 1499 1175 Nam

315 1197 405 1232 ipsum
417 1197 530 1225 verbum
542 1193 683 1233 ἀπάγχειν
702 1197 754 1224 etsi
767 1198 839 1233 apud
852 1198 1029 1226 Plutarchum
1042 1198 1200 1234 plerumque
1214 1206 1311 1233 genere
1330 1197 1418 1225 medio
1434 1195 1498 1233 le'gi-

314 1250 360 1274 tur
380 1246 450 1282 (Cat.
473 1249 506 1274 10
519 1246 599 1274 Thes.
617 1248 652 1274 20
664 1246 731 1274 Mar.
751 1248 805 1282 70),
824 1250 915 1275 tamen
935 1249 1019 1276 etiam
1038 1248 1125 1275 active
1143 1247 1262 1282 positum
1281 1247 1418 1282 reperitur
1429 1246 1497 1274 Mar.

317 1298 360 1330 27,
373 1298 403 1324 ut
416 1294 585 1333 ἇποπνίγειν
604 1296 681 1332 Agid.
698 1298 736 1324 19.
780 1297 883 1325 Deinde
904 1306 1068 1334 quamquam
1086 1297 1175 1325 media
1194 1295 1354 1332 significatio
1373 1305 1405 1324 eo
1427 1305 1497 1324 com-

315 1345 435 1374 mendari
451 1346 568 1379 videtur,
581 1346 654 1382 quod
667 1345 823 1374 facillimam
839 1347 928 1374 reddit
944 1347 1018 1375 verbi
1036 1346 1118 1374 medii
1138 1343 1366 1382 (ἆπαγχομένων)
1385 1355 1403 1373 a
1414 1346 1497 1374 verbo

313 1396 422 1431 passivo
435 1395 681 1432 (θανατουμένων)
694 1395 900 1429 distinctionem,
915 1399 1008 1424 tamen
1021 1406 1075 1424 non
1093 1397 1180 1423 minus
1196 1398 1270 1423 recte
1283 1395 1447 1423 Plutarchus
1459 1395 1498 1423 fa-

314 1454 375 1473 cere
387 1446 490 1482 potuit,
512 1448 544 1474 ut
564 1454 647 1482 quum
668 1447 696 1473 in
714 1447 869 1474 universum
891 1447 1023 1482 supplicio
1045 1446 1167 1474 adfectos
1180 1446 1369 1481 (θανατουμ.),
1382 1454 1497 1481 quorum

314 1495 423 1531 quidem
435 1503 553 1530 corpora
561 1495 767 1531 proiicerentur,
780 1498 1026 1528 commemorasset,
1039 1496 1094 1533 iam
1107 1504 1140 1523 ex
1153 1504 1185 1523 eo
1197 1504 1310 1523 numero
1323 1495 1454 1523 eximeret
1465 1502 1497 1521 ac

314 1553 436 1572 seorsum
441 1547 555 1580 poneret
561 1545 755 1581 strangulatos⁷
761 1546 860 1582 quippe
866 1554 982 1582 quorum
988 1554 1043 1573 non
1050 1553 1175 1580 corpora,
1186 1544 1235 1572 sed
1242 1545 1404 1572 vestimenta
1409 1543 1497 1571 funes-

313 1603 366 1630 que
375 1593 456 1622 abiici
464 1593 590 1622 solerent.
610 1594 689 1628 Quod
697 1597 789 1622 autem
799 1595 818 1623 S
825 1595 923 1623 intem
933 1595 1009 1624 verbi
1018 1595 1126 1631 passive
1138 1594 1204 1622 dicti
1212 1595 1280 1622 mire
1286 1594 1405 1630 positum
1414 1593 1498 1621 videri

313 1644 357 1671 ait,
364 1646 472 1680 tempus
484 1653 623 1680 praesens,
636 1644 702 1672 mihi
714 1644 823 1681 quidem
835 1654 890 1673 non
902 1645 990 1681 magis
1003 1645 1102 1673 mirum
1114 1644 1233 1678 videtur,
1254 1653 1337 1681 quam
1349 1643 1421 1671 idem
1432 1646 1498 1671 tem-

312 1703 365 1730 pus
376 1694 453 1722 verbi
474 1695 709 1730 θανατουμένων,
731 1695 805 1731 quod
826 1695 915 1731 ipsum
937 1704 1053 1732 quoque,
1066 1703 1121 1722 non
1142 1694 1177 1722 ad
1199 1694 1401 1722 similitudinem
1422 1693 1499 1721 verbi

312 1745 449 1780 θνήσκειν
466 1752 517 1779 pro
536 1737 705 1781 τεθνηκέναι
716 1745 798 1780 positi
815 1745 949 1780 (Sinten.
967 1744 1008 1771 ed.
1028 1745 1090 1771 mai.
1104 1744 1216 1779 Them.)‚
1232 1744 1281 1771 sed
1299 1744 1336 1771 ad
1348 1742 1498 1778 significan-

313 1792 378 1820 dum
390 1792 432 1827 id,
452 1792 526 1830 quod
538 1793 693 1821 etiamnunc
705 1793 765 1822 fieri
783 1794 872 1822 soleat
884 1793 929 1830 (cf.
942 1793 1024 1822 verba
1037 1788 1072 1822 οὗ
1090 1794 1139 1821 νῦν
1150 1809 1187 1814 -
1200 1790 1228 1821 οἱ
1247 1791 1347 1830 δήμιοι
1366 1789 1498 1830 προβάλ-

314 1842 409 1878 λουσι)
422 1843 542 1879 positum
554 1852 614 1871 esse
626 1842 747 1871 dixerim.
784 1844 909 1880 Denique
921 1844 946 1871 si
958 1843 992 1871 de
1005 1852 1036 1871 re
1048 1844 1109 1879 ipsa
1121 1844 1285 1880 quaerimus,
1303 1842 1444 1871 fatendum
1456 1843 1499 1868 est

312 1895 439 1920 neutram
459 1893 594 1921 rationem
618 1892 735 1920 aliorum
756 1893 921 1929 scriptorum
941 1893 1103 1920 testimoniis
1123 1893 1163 1921 ita
1184 1892 1351 1925 confirmari,
1372 1893 1405 1919 ut
1425 1890 1499 1918 nulla

313 1932 449 1970 dubitatio
460 1942 586 1977 supersit
622 1942 693 1970 Nam
708 1945 740 1970 ut
755 1943 874 1979 primum
891 1942 980 1971 dicam
998 1942 1032 1970 de
1044 1945 1132 1970 morte
1150 1942 1316 1975 voluntaria,
1334 1940 1407 1977 apud
1418 1940 1498 1968 Atha

314 1991 420 2019 nienses
432 1990 574 2019 Aeschinis
586 1991 696 2028 quidem
709 1992 827 2020 oratoris
839 1994 962 2028 tempore
975 1991 1056 2020 alim
1072 2000 1187 2028 poenam
1197 1991 1226 2019 in
1244 2000 1305 2020 eam
1323 1989 1498 2019 constitutam
