1668 2480
862 343 897 369 20

283 414 378 441 obstat
389 413 454 441 huie
468 413 577 447 rationi,
590 414 709 449 primum
722 413 796 449 quod
808 413 983 447 Plutarchus,
1002 414 1026 441 si
1044 413 1116 442 filios
1136 418 1166 443 et
1176 414 1246 442 filias
1258 415 1332 442 inter
1345 423 1375 441 se
1388 422 1470 451 oppo-

286 463 394 496 suisset,
407 463 572 498 particulam
584 463 638 498 μέν
651 463 745 490 statim
756 465 820 498 post
833 461 941 495 παῖδας
953 471 1055 498 ponere
1068 463 1198 498 debebat,
1212 464 1308 492 deinde
1320 463 1395 499 quod
1406 467 1469 499 post

282 514 509 540 commemoratos
521 511 593 538 filios
606 520 641 538 ne
659 511 751 546 potuit
768 511 878 546 quidem
896 520 1010 546 pergere
1032 510 1064 539 ἐκ
1078 512 1133 546 μὲν
1147 510 1324 550 Ἀρχίππης,-
1336 512 1389 540 nisi
1401 512 1469 540 The-

282 560 420 590 mistocles
433 561 516 590 etiam
529 569 563 589 ex
576 560 665 589 altera
674 569 760 588 uxore
768 559 839 588 filios
849 560 1022 595 suscepisset,
1036 569 1105 597 quos
1114 564 1206 590 tamen
1218 554 1308 590 nullos
1317 562 1469 598 suscepisse

273 610 395 639 ridetur.
415 612 486 640 Nam
499 609 569 648 quos
582 611 746 639 Plutarchus
758 614 892 639 memorat
901 613 959 639 tres
967 611 1040 646 patri
1050 612 1219 647 superstites,
1233 621 1279 640 eos
1289 621 1323 640 ex
1331 612 1469 649 Archippa

282 664 362 688 natos
374 661 459 689 fuisse
471 661 574 688 diserte
588 662 718 691 testatum
737 661 784 694 qui
797 662 889 687 autem
901 664 1045 695 praeterea
1063 662 1216 695 adduntur,
1238 662 1352 689 Neocles
1365 665 1392 689 et
1404 663 1467 690 Dio-

283 711 353 744 cles,
375 712 442 747 quin
455 713 484 739 et
496 710 548 746 ipsi
560 719 595 738 ex
608 709 704 737 eadem
715 712 804 737 matre
816 709 873 738 nati
890 709 1005 743 fuerint,
1027 712 1106 739 tanto
1125 711 1214 739 minus
1232 711 1350 739 dubitari
1367 714 1466 748 potest,

282 760 354 796 quod
374 764 401 788 et
418 764 486 789 natu
504 760 616 788 maximi
635 759 746 787 fuerant
762 762 790 786 et
802 759 944 787 Nicoclem
962 759 1102 795 Lysander
1120 769 1198 794 avus,
1215 761 1368 797 Archippae
1380 765 1467 798 pater,

281 811 454 846 adoptavisse
467 810 574 837 dieitur.
611 809 708 843 Itaque
730 809 752 836 si
775 808 938 844 Plutarchus
962 808 1070 841 παῖδας
1091 810 1270 838 intellexisset
1281 810 1390 844 filios,
1412 821 1466 839 non

283 859 390 892 παῖδας
402 858 434 887 ἐκ
456 858 510 895 μὲν
525 855 702 896 Ἀρχίππης,
722 857 771 884 sed
790 857 898 889 παῖδας
919 856 972 890 μὲν
997 856 1030 890 ἐξ
1047 857 1210 896 Ἀρχίππης
1227 859 1346 887 scribere
1365 859 1466 893 debuit,

282 909 354 944 quod
366 910 389 936 si
403 910 450 944 qui
463 909 527 936 libri
541 908 636 943 scripti
648 907 863 943 suppeditarent,
877 907 936 942 ipse
948 916 1058 943 quoque
1071 907 1197 936 lubeuter
1208 908 1393 944 amplecterer.
1413 909 1466 938 Sed

281 959 320 984 uti
334 967 403 985 nunc
417 958 500 987 verba
514 958 692 993 scripta-aunt
701 958 776 992 (uam
785 956 819 983 de
828 957 990 984 traiectione
1000 956 1152 991 particulae
1162 958 1283 993 cogitare
1292 967 1346 985 non
1358 959 1466 994 ausim),

282 1007 390 1041 παῖδας
401 1017 455 1036 non
468 1007 574 1040 filios,
588 1006 638 1034 sed
650 1006 784 1039 liberos,
798 1006 897 1041 quippe
911 1014 979 1041 quos
993 1005 1188 1034 Themistocles
1202 1016 1234 1034 ex
1252 1010 1368 1043 utraque
1380 1017 1465 1036 uxore

281 1058 438 1093 susceperit,
451 1057 606 1093 significare
619 1059 693 1092 puto,
707 1059 738 1083 ut
751 1055 914 1083 Plutarchus
927 1056 1046 1091 primum
1058 1056 1158 1084 liberos
1171 1066 1204 1084 ex
1212 1057 1350 1093 Archippa
1358 1067 1466 1094 suscep-

280 1111 331 1140 tos,
344 1107 400 1134 sive
411 1107 484 1135 filios
497 1107 553 1134 sive
566 1106 645 1138 filias,
659 1104 756 1132 deinde
769 1114 802 1132 ex
814 1104 903 1132 altera
916 1113 1001 1132 uxore
1014 1108 1095 1133 natos
1112 1114 1254 1134 recensere
1271 1106 1399 1141 voluerit,
1417 1108 1465 1136 sed

281 1158 445 1185 enumeratis
458 1156 611 1192 Archippae
623 1155 698 1188 filiis,
709 1165 792 1191 quum
804 1156 858 1183 iam
871 1155 907 1184 ad
920 1155 1042 1184 eiusdem
1060 1155 1131 1184 filias
1148 1157 1265 1184 transire
1284 1156 1408 1192 deberet,
1427 1159 1465 1186 in-

280 1207 370 1233 stituti
395 1206 498 1233 ordinis
519 1207 668 1237 immemor,
690 1206 843 1240 promiscue
864 1206 988 1240 posuerit
1007 1205 1080 1232 filias
1099 1214 1133 1232 ex
1150 1208 1267 1240 utraque
1279 1215 1365 1234 uxore
1377 1211 1465 1241 natas,

280 1256 394 1292 ideoque
407 1257 447 1284 ita
459 1254 618 1292 perrexerit,
632 1254 710 1290 quasi
723 1254 759 1282 ab
771 1254 847 1282 initio
860 1254 979 1290 primum
991 1253 1061 1281 filios
1071 1275 1077 1287 ,
1096 1253 1193 1282 deinde
1212 1254 1281 1283 filias
1301 1264 1335 1283 ex
1347 1258 1465 1292 utraque

280 1316 366 1334 uxore
379 1308 521 1341 susceptas
534 1313 675 1333 recensere
687 1304 858 1332 instituisset.
896 1303 1024 1331 Ceterum
1037 1304 1119 1331 etiam
1133 1313 1166 1331 ex
1178 1304 1287 1333 filiabus
1299 1314 1380 1333 unam
1392 1306 1465 1334 Mne·

280 1355 449 1390 siptolemam
461 1351 565 1381 diserte
576 1356 698 1381 testatur
710 1353 741 1381 ἐκ
760 1354 811 1389 τῆς
823 1350 1055 1389 ἐπιγαμηθείσης
1073 1355 1167 1380 natam
1184 1353 1281 1387 fuisse,
1294 1363 1326 1381 ac
1338 1363 1373 1382 ne
1385 1355 1464 1382 huius

280 1405 389 1442 quidem
400 1403 507 1432 natales
521 1403 556 1431 de
567 1402 701 1439 industria
710 1425 717 1436 ,
734 1402 782 1437 sed
794 1405 935 1438 tamquam
946 1400 1023 1429 aliud
1034 1410 1119 1437 agens
1132 1406 1338 1437 commemorat,
1360 1404 1464 1432 scilicet

279 1459 310 1483 ut
322 1456 456 1483 rationem
469 1454 573 1485 reddat,
587 1463 635 1481 cur
648 1453 696 1481 illa
708 1451 866 1488 Archeptoli
878 1451 959 1479 fratri
971 1451 1074 1478 nubere
1086 1453 1212 1486 potuerit.

351 1504 503 1532 Praeterea
515 1504 657 1539 quaeritur
670 1502 754 1529 etiam
766 1501 800 1529 de
814 1500 946 1530 vocabulo
964 1499 1187 1538 ἑπιγαμηθεῖσα,
1197 1510 1251 1538 quo
1265 1502 1463 1531 Sintenisius

280 1555 332 1590 (sed.
345 1555 407 1582 mai.
419 1554 524 1589 Them.)
538 1554 685 1581 secundam
698 1561 811 1579 uxorem
823 1550 974 1588 significari
991 1553 1096 1583 censet,
1116 1555 1273 1587 comparato
1292 1552 1402 1581 Diodor.
1417 1553 1464 1587 xl,

279 1607 311 1631 57
323 1616 328 1631 :
348 1605 467 1640 γυναῖκα
486 1603 541 1641 γὰρ
562 1600 641 1640 αὐτῷ
662 1600 737 1639 πρὸς
760 1600 854 1637 γάμου
874 1597 1026 1628 κοινωνίαν
1045 1597 1139 1634 ἔζευξε
1150 1601 1309 1638 (βασιλεὺς)
1321 1601 1463 1640 Περσίδα,

279 1652 404 1690 ἒυγενείᾳ
414 1663 444 1681 τε
453 1652 502 1680 καὶ
511 1652 613 1680 κάλλει
622 1651 829 1689 διαφέρουσαν,
839 1648 883 1677 ἔτι
889 1649 922 1677 δὲ
931 1645 992 1676 κατ’
1006 1646 1110 1686 ἀρετὴν
1118 1648 1333 1688 ἐπαινουμένην,
1340 1651 1393 1679 nisi
1401 1652 1463 1689 quis

279 1704 406 1731 maluerit
416 1706 564 1739 utrumque
577 1702 667 1730 locum
679 1701 714 1728 de
732 1700 828 1733 altera,
848 1707 931 1735 quam
947 1702 1058 1735 praeter
1069 1698 1121 1737 τὴν
1139 1699 1257 1738 γνησίαν
1272 1700 1382 1729 duxerit
1398 1711 1464 1733 uxo-

280 1763 344 1786 rem,
356 1752 540 1788 interpretari.
564 1751 601 1779 Et
612 1752 689 1787 prior
700 1749 809 1789 quidem
820 1749 893 1777 ratio
906 1749 1030 1784 quamvis
1043 1749 1128 1786 ipsius
1140 1750 1281 1778 Plutarchi
1293 1750 1400 1779 dicendi
1412 1761 1463 1780 usu

280 1802 485 1839 comprobetur,
503 1802 603 1839 quippe
624 1801 679 1838 qui<
697 1800 780 1828 etiam
794 1798 857 1832 Cat.
876 1800 910 1826 27
928 1797 1039 1827 dixerit:
1057 1797 1073 1828 ὁ
1092 1800 1197 1829 Κάτων
1219 1797 1346 1829 ἀπέλιπε
1364 1800 1463 1838 γενεὰν

281 1852 329 1880 ἕνα
347 1852 400 1888 μὲν
417 1851 480 1880 vitiu
497 1851 529 1879 ἐκ
547 1853 598 1889 τῆς
610 1847 850 1887 ἐπιγαμηθείσης,
863 1848 890 1875 h.
903 1857 925 1875 e.
940 1858 973 1876 ex
986 1851 1104 1878 secunda
1115 1860 1200 1879 uxore
1213 1852 1270 1878 sive
1282 1860 1316 1878 ex
1329 1860 1370 1884 ea,
1379 1860 1461 1887 quam

282 1902 372 1930 adulto
385 1902 441 1930 filio
453 1902 600 1932 induxerat
613 1909 758 1928 novercam
771 1898 817 1934 (cf.
830 1898 891 1926 Cat.
907 1900 941 1925 24
959 1902 986 1926 et
1005 1908 1090 1936 comp.
1104 1901 1185 1929 Arist.
1205 1903 1233 1928 et
1246 1901 1305 1928 Cat.
1320 1901 1356 1935 6),
1370 1903 1462 1928 tamen

282 1960 341 1978 cum
352 1952 418 1987 ipsis
431 1948 522 1985 rebus,
535 1951 630 1988 quales
644 1960 661 1978 a
673 1949 822 1977 Plutarcho
834 1951 1020 1984 exponuntur,
1037 1950 1081 1977 vix
1098 1949 1237 1978 conciliari
1254 1949 1363 1977 videtur
1374 1958 1461 1986 possa

282 2000 309 2027 ls
322 2001 391 2028 enim
404 2001 567 2038 Archippam
579 2009 634 2028 non
646 1999 734 2027 solum
747 1999 820 2034 apud
833 1999 977 2026 Admetum
990 2000 1108 2027 versanti
1128 2000 1226 2027 marito
1245 1999 1281 2027 ab
1300 1999 1395 2027 amieis
1407 2008 1462 2026 una
