1668 2480
795 328 811 354 3

213 400 277 433 dixi,
290 400 413 428 omnibus
435 398 596 428 servandam
613 408 723 433 censeo,
745 386 826 427 sicuti
847 399 930 427 etiam
947 408 965 427 a
986 399 1133 426 Bekkerc
1155 402 1290 427 servatam
1307 400 1393 428 video.

213 449 283 476 Nam
294 441 411 483 primurn
423 449 531 484 quidem
544 448 618 483 quod
630 448 833 476 Sintenisius
850 447 989 483 vulgatam
1011 448 1174 483 scripturam
1192 449 1340 478 abhorrere
1353 451 1393 478 ait

212 497 248 526 ab
260 507 293 526 ea
306 498 494 527 Themistoclis
506 497 631 534 imagine,
644 498 732 534 qualis
745 507 763 527 a
775 496 931 535 Thucydide
944 497 974 534 (Ι.
987 497 1049 533 138)
1059 500 1287 533 repraesentetur,
1301 507 1392 526 verum

214 547 322 583 quidem
338 551 391 582 est,
414 548 621 576 Themistoclem
637 551 749 577 auctore
766 548 922 584 Thucydide
943 548 1003 583 ipso
1021 547 1130 583 ingenio
1149 548 1190 575 ita
1210 547 1341 581 valuisse,
1363 552 1393 576 ut

213 596 288 623 nulla
300 596 424 624 doctrina
436 606 523 632 neque
536 600 681 632 antequam
694 598 891 634 rempublicam
907 600 1074 633 capesseret,
1091 606 1179 632 neque
1191 601 1287 633 postea
1304 605 1393 624 acces-

214 645 293 679 serit,
311 655 325 674 e
342 646 483 675 Plutarchi
500 649 592 674 autem
611 647 759 681 sententia,
772 657 855 683 quam
873 646 982 683 quidem
998 646 1110 682 vulgata
1125 645 1207 673 lectio
1226 646 1347 679 exhibet,
1364 646 1394 673 li-

212 695 349 724 beralibus
361 696 467 724 artibus
479 705 583 732 parum,
596 696 718 725 civilibus
735 700 827 725 autem
847 694 1018 733 aliquantum
1030 705 1130 732 operae
1146 696 1268 730 dedisse,
1290 706 1393 724 verum-

213 748 304 773 tamen
326 755 375 774 nec
388 746 550 782 Thucydidis
572 747 655 775 verba
669 750 727 775 tam
747 748 841 775 stricte
861 746 1038 782 interpretari
1059 746 1135 779 licet,
1156 749 1188 773 ut
1200 746 1392 774 Themistocles

214 795 280 823 nihil
293 796 401 824 omnino
414 796 540 824 didicisse
553 797 667 831 dicatur,
680 807 768 834 neque
780 797 920 826 Plutarchi
932 797 1055 825 narratio
1068 805 1083 824 e
1097 796 1260 833 Thucydidis
1277 796 1393 823 auctori-

214 848 270 872 tate
288 845 327 873 ita
345 846 487 881 pependit,
507 849 539 874 ut
556 856 702 882 numquam
722 848 757 875 ab
773 848 821 875 illo
839 847 1002 875 discesserit.
1044 847 1148 874 Deinde
1164 856 1229 875 vero
1251 845 1324 882 quod
1340 846 1393 873 iam

215 894 366 923 Reiskius
379 896 491 930 monuit,
503 896 666 925 locutionem
684 897 839 933 negativam
858 893 908 931 οὐχ
926 893 1077 934 ὑπερορῶν
1094 905 1149 924 11011
1166 897 1233 924 satis
1250 899 1314 932 apte
1332 904 1393 922 cum

215 945 303 973 verbis
323 942 391 983 παρ’
410 943 524 983 ἠλικίαν
542 946 680 983 coniungi,
702 947 730 975 id
752 947 873 983 quamvis
894 947 983 974 minus
1005 946 1144 974 commode
1165 946 1225 974 fieri
1241 945 1394 977 concedam
1418 967 1420 969 .

215 997 306 1021 tamen
315 1003 376 1021 cum
387 994 499 1029 Corae,
513 996 589 1023 cuius
598 999 691 1023 notam
705 996 905 1023 Sintenisius
918 996 948 1023 111
959 996 1021 1023 mai.
1032 996 1072 1023 ed.
1082 994 1175 1023 Them.
1188 995 1341 1030 adscripsit,
1355 996 1394 1022 sic

217 1043 360 1072 defendere
369 1044 440 1078 licet,
453 1040 544 1079 11ῐοῦχ
552 1041 704 1083 ὑπερορῶν
712 1045 784 1073 idem
796 1054 857 1073 esse
868 1045 944 1072 dicas
957 1044 1030 1079 quod
1042 1043 1273 1079 ἐπιμελούμενος.
1293 1044 1395 1072 Contra

216 1094 240 1122 si
253 1095 374 1122 omiseris
386 1095 511 1122 voculam
522 1095 683 1131 negativam,
695 1095 813 1131 primum
825 1095 933 1131 quidem
945 1094 1031 1122 multo
1044 1094 1128 1122 etiam
1139 1094 1227 1131 magis
1243 1095 1395 1131 displicebit

216 1143 339 1170 additum
353 1140 421 1181 παρ’
431 1142 553 1180 ἡλικίαν,
563 1144 697 1179 siquidem
709 1144 846 1179 negligere
858 1147 931 1171 mtes
944 1144 980 1171 ad
992 1144 1091 1178 agendi
1102 1143 1260 1172 facultatem
1273 1149 1395 1180 spectan-

216 1196 258 1221 tes
279 1193 402 1221 iuvenilis
421 1194 520 1222 aetatis
543 1193 651 1230 ingenio
676 1194 801 1231 congruit
823 1194 915 1230 potius
947 1203 1030 1230 quam
1056 1196 1197 1230 repugnat
1247 1193 1395 1227 Quominus

217 1247 309 1271 autem
332 1244 416 1271 verba
438 1241 507 1281 παρ’
527 1243 641 1281 ἡλικίαν
658 1253 719 1272 cum
743 1245 918 1280 sequentibus
940 1242 979 1277 ὦς
999 1245 1035 1282 τῇ
1059 1242 1146 1281 φύσει
1172 1244 1314 1272 πιστεύων
1335 1254 1395 1272 con-

217 1293 328 1328 iungas,
345 1292 419 1328 quod
439 1292 638 1321 Sintenisius
657 1294 774 1322 voluisse
798 1294 883 1321 videri
901 1296 994 1328 potest
1011 1302 1093 1328 quum
1110 1293 1252 1320 scriberet:
1276 1288 1395 1326 „L'ehreu

218 1343 265 1370 der
284 1343 496 1379 Staatskluylteit
522 1344 641 1371 schenkte
664 1354 692 1371 er
717 1346 746 1372 in
770 1345 853 1372 einem
873 1344 915 1371 bei
930 1345 1014 1371 seiner
1032 1343 1140 1380 Juyend
1166 1343 1394 1379 unqewblmlichen

225 1393 368 1419 Ver-tranen
386 1393 439 1428 aus
457 1395 512 1419 sein
538 1394 633 1420 bloeses
656 1394 750 1420 Talem
768 1394 841 1420 keine
856 1394 1044 1429 Beaclztuny“,
1068 1392 1111 1420 vel
1133 1392 1269 1427 particula
1290 1389 1329 1425 ὥς
1349 1393 1396 1420 1111-

218 1441 302 1477 pedit,
312 1441 458 1477 eademque
467 1442 610 1478 sequentia
621 1442 670 1470 illa
682 1444 829 1478 propterea
844 1442 952 1471 adiecta
965 1452 1024 1471 esse
1037 1442 1124 1475 docet,
1137 1443 1168 1468 ut
1179 1441 1251 1468 ratio
1261 1441 1396 1471 reddatur.

219 1501 268 1518 cur
281 1491 477 1520 Themistocles
493 1492 555 1528 plus
571 1490 690 1528 operae‚'
700 1501 782 1528 quam
799 1493 879 1529 vulgo
896 1493 932 1521 ab
949 1492 1166 1520 adolescentibus
1182 1491 1243 1519 fieri
1259 1491 1356 1525 soleat,
1369 1492 1396 1519 in

220 1541 311 1568 civiles
327 1543 403 1568 artes
418 1541 587 1576 impenderit.
623 1543 728 1570 Deinde
744 1552 807 1569 vero
823 1543 896 1577 quod
916 1543 945 1569 in
960 1542 1050 1569 verbis
1068 1541 1252 1576 superioribus
1273 1538 1399 1578 ὀκνηρῶς

220 1590 267 1619 καὶ
280 1587 463 1629 ἀπροθύμως
471 1589 647 1629 ἐξεμάνθανε
660 1593 861 1621 Sintenisius
873 1593 962 1621 inesse
974 1592 1042 1620 vult:
1056 1599 1152 1627 aegre
1164 1589 1290 1626 quidem
1304 1592 1335 1617 et
1353 1590 1399 1617 in-

221 1642 317 1674 vitus,
346 1644 379 1668 at
406 1641 555 1671 discebat
576 1646 697 1677 tamen,
725 1643 759 1671 id*
777 1644 858 1671 etiam
881 1652 977 1679 graece
1000 1641 1161 1678 explicatius
1184 1640 1327 1668 dicendum
1349 1641 1398 1668 fuit

221 1689 347 1729 ὀκνηρῶς
364 1691 418 1726 μὲν
439 1692 487 1720 καὶ
506 1689 700 1731 ἅπροθύμως,
719 1692 799 1728 ὅμως
811 1690 837 1721 δ’
859 1691 1043 1728 ἐξεμάνθανε,
1063 1692 1096 1720 cf.
1118 1691 1223 1719 Klotz.
1245 1690 1281 1719 ad
1302 1691 1398 1718 Devar.

221 1743 290 1776 pait.
304 1750 342 1776 gr.
356 1740 390 1768 11.
402 1750 428 1776 p.
443 1744 503 1768 679.
541 1742 664 1777 Denique
681 1742 764 1770 etiam
781 1744 925 1779 sequentia
940 1742 1023 1770 verba
1041 1742 1179 1777 vulgarem
1196 1733 1299 1776 potiu's,
1319 1749 1400 1775 quam

221 1800 307 1826 nuper
320 1794 458 1826 receptam
471 1791 614 1820 lectionem
626 1792 799 1827 confirmant,
812 1791 1030 1829 quandoquidem
1042 1791 1071 1819 in
1083 1791 1127 1819 his
1139 1799 1247 1826 quoque
1259 1790 1328 1817 ines-t
1342 1789 1400 1817 hoc.

222 1844 252 1868 ut
266 1840 460 1868 Themistocles
473 1841 534 1876 plus
547 1850 646 1877 operae
657 1843 686 1869 in
699 1842 790 1870 civiles
804 1851 885 1878 quam
904 1843 932 1869 in
944 1841 1071 1869 liberales
1089 1844 1163 1868 artes
1182 1841 1345 1876 impendisse
1362 1840 1401 1867 ‹li-

223 1893 309 1918 catur.
341 1891 428 1923 Quam
441 1890 551 1926 quidem
563 1892 728 1919 sententiam
739 1892 829 1919 inesse
841 1892 870 1919 in
882 1892 924 1924 iis,
937 1900 1007 1926 quae
1017 1891 1139 1926 proxime
1152 1894 1311 1929 sequuntur,
1322 1899 1401 1917 nemo

222 1940 303 1968 facile
315 1941 467 1976 negaverim
487 1941 535 1968 sed
548 1941 643 1969 eadem
655 1937 728 1969 inest
745 1942 828 1969 etiam
846 1942 875 1969 in
892 1941 937 1975 iis,
956 1949 1027 1976 quae
1044 1940 1116 1968 infia
1133 1940 1167 1968 de
1179 1940 1401 1976 praeceptoribus

224 1989 413 2017 Themistoclis
430 1990 582 2017 traduntur.
607 1990 678 2018 Nam
691 1991 865 2018 Stesimbroti
874 1990 982 2025 quidem
996 1991 1166 2022 sententiam,
1179 1999 1233 2025 qua
1241 1990 1287 2016 ille
1298 1991 1403 2017 Anaxa-
