1668 2480
718 315 850 319 —-—
890 302 905 326 2

302 371 406 399 edendo
420 381 490 399 novo
504 376 639 407 apparatu
653 373 748 400 critico
762 373 917 406 destitutus,
935 373 962 400 in
981 381 1015 400 ea
1034 372 1157 405 editione,
1180 382 1250 408 quae
1268 373 1369 408 prodiit
1381 383 1405 401 a.
1422 376 1488 401 1355

302 430 363 447 cum
375 421 406 447 A.
420 420 670 455 Westermanni,
690 422 742 449 viri
755 422 907 454 clarissimi,
921 422 954 449 de
968 421 1107 449 Plutarchi
1120 422 1177 448 vita
1184 424 1217 455 ,et
1235 422 1343 456 scriptis
1357 432 1489 450 commen-

301 470 412 497 tatione.
431 469 491 498 Iam
504 479 569 499 vero
582 470 605 497 si
620 470 653 498 de
667 470 767 499 codicis
780 470 897 499 Parisini
911 471 951 499 Fa
960 470 1012 498 fide
1030 473 1057 498 et
1069 470 1234 498 auctoritate
1247 479 1418 506 quaeramus,
1431 472 1490 508 ipse

302 520 502 548 Sintenisius
514 521 658 553 intellexit,
672 530 759 556 neque
769 521 798 548 in
808 521 932 548 omnibus
942 521 1136 564 vitis-eandem,
1150 530 1237 555 neque
1250 521 1279 548 in
1291 521 1334 554 iis,
1347 521 1375 548 in
1391 522 1489 557 quibus

301 571 419 605 optimas
432 570 563 597 lectiones
578 571 705 598 exhibeat
725 571 808 605 (inter
825 579 893 605 quas
912 573 954 597 est
973 570 1055 597 etiam
1077 570 1134 597 vita
1151 569 1365 603 Themistoclis),
1383 572 1489 597 tantam

301 628 361 646 esse
374 618 436 646 libri
449 620 653 654 praestantiam,
674 622 703 646 ut
720 628 770 654 pro
787 619 961 661 fundamento
978 619 1119 646 universae
1137 618 1260 645 lectionis
1280 618 1382 646 haberi
1394 619 1488 655 possit.

301 668 370 696 Nam
383 670 507 705 quamvis
520 669 620 698 multas
634 669 764 697 lectiones
778 678 810 696 ex
824 668 875 696 hoc
888 678 943 696 uno
956 668 1027 696 libro
1040 668 1288 704 receperit‚‘tamen
1302 669 1387 697 multo
1406 670 1488 698 etiam

300 718 392 754 plures
403 719 563 755 repudiavit,
571 719 599 746 id
609 719 682 755 quod
691 718 903 746 luculentissime
913 721 1028 754 apparet
1041 728 1056 746 e
1066 721 1213 754 conspectu
1223 719 1354 747 variantis
1363 719 1487 748 lectionis

301 769 327 795 in
341 768 479 796 Addendis
492 769 516 797 V
517 770 551 797 ol.
564 769 607 796 IV.
621 769 662 797 ed.
676 769 738 796 mai.
752 768 816 795 Vitt.
835 769 982 804 proposito.
1024 769 1112 805 Atque
1128 770 1156 796 in
1174 769 1216 796 his
1233 769 1300 805 ipsis
1317 769 1487 804 lectionibus,

301 828 368 854 quas
381 819 427 846 ille.
439 822 488 847 aut
500 819 603 854 recepit
615 822 662 846 aut
679 818 843 854 repudiavit,
860 818 1011 846 iudicandis
1029 819 1143 846 subinde
1162 819 1228 846 mihi
1246 818 1377 846 accidisse
1390 819 1486 852 fateor,

302 871 331 895 ut
344 878 405 895 cum
417 869 476 896 viro
490 869 646 897 doctissimo
660 868 841 901 dissentirem,
855 867 910 895 sive
924 868 996 903 quod
1008 868 1154 904 probarem
1167 877 1235 904 quas
1248 868 1292 896 ille
1305 868 1411 902 reiecit,
1431 869 1487 897 sive

302 918 373 953 quod
386 918 568 954 improbarem
582 928 650 955 quas
663 919 774 954 recepit.
812 919 849 945 Et
861 919 1021 954 posterioris
1035 918 1143 954 quidem
1156 918 1264 954 generis
1285 928 1369 954 quum
1390 920 1417 947 in
1431 930 1485 947 una
1522 928 1527 931 ·

301 969 355 994 vita
369 969 559 996 Themistoclis
573 968 664 1004 paullo
678 968 770 1003 plures
783 968 838 994 sint
852 976 933 1002 quam
950 968 1062 1003 prioris,
1085 968 1175 994 nescio
1190 967 1313 1002 equidem
1327 978 1362 995 an
1376 969 1409 995 de
1422 969 1485 996 libri

301 1018 473 1050 quantumvis
494 1018 558 1045 boni
577 1017 748 1053 praestantia
772 1017 863 1053 paullo
888 1017 970 1044 etiam
989 1016 1226 1052 circumspectius,
1249 1025 1331 1052 quam
1354 1017 1486 1045 hactenus

301 1066 403 1094 factum
417 1067 460 1100 sit,
474 1067 649 1095 iudicandum
663 1076 722 1095 esse
736 1067 867 1095 videatur.
906 1067 1009 1095 Deinde
1023 1077 1086 1094 vero
1100 1067 1173 1102 quod
1185 1067 1221 1094 ad
1234 1067 1485 1102 interpretationem

301 1116 444 1143 verborum
452 1119 558 1150 attinet,
567 1119 596 1145 in
603 1118 654 1145 hoc
662 1125 769 1151 quoque
783 1117 852 1143 artis
858 1126 956 1151 genere
967 1116 1174 1149 Sintenisius,
1186 1126 1268 1151 quum
1278 1117 1306 1143 in
1313 1116 1418 1143 edenda
1430 1117 1486 1143 vita

300 1157 489 1194 Themistoclis
503 1166 545 1194 bis
558 1167 641 1195 etiam
653 1166 811 1203 interpretis
824 1169 918 1203 partes
932 1166 1097 1202 suscepisset
1110 1166 1149 1203 (in
1166 1166 1227 1194 mai.
1242 1166 1281 1194 ed.
1296 1166 1484 1195 Themistoclis

300 1218 326 1242 et
341 1215 369 1243 in
382 1216 422 1244 ed.
435 1216 570 1253 Weidm.),
584 1220 740 1253 susceptam
757 1217 923 1252 provinciam
940 1218 979 1244 ita
995 1217 1207 1249 administravit,
1224 1219 1256 1243 ut
1272 1219 1299 1243 et
1318 1217 1443 1251 copiosae
1457 1220 1485 1244 et

299 1266 453 1293 succinctae
460 1267 695 1302 interpretationis
705 1270 846 1301 tamquam
856 1266 993 1301 exemplar
1004 1265 1140 1300 quoddam
1145 1265 1320 1299 proposuisse
1330 1265 1484 1292 existiman-

299 1313 350 1341 dus
370 1315 413 1342 sit.
452 1315 505 1343 Sed
527 1316 600 1344 idem
623 1319 715 1343 tamen
738 1315 908 1352 largissimae
931 1324 1013 1351 quam
1033 1314 1091 1350 ipse
1111 1314 1176 1341 fecit
1196 1314 1294 1342 messis
1312 1317 1385 1342 certe
1402 1318 1483 1343 tenue

298 1364 434 1398 quoddam
451 1366 621 1401 spicilegium
635 1367 716 1393 etiam
730 1366 790 1393 aliis
807 1365 961 1392 faciendum
979 1364 1096 1398 reliquit.
1134 1364 1316 1396 Quamobrem
1335 1365 1358 1391 si
1371 1365 1418 1400 qui
1431 1365 1484 1392 loci

298 1413 421 1447 fuerunt,
445 1423 513 1449 quos
535 1414 578 1442 vel
597 1415 632 1442 ab
654 1415 701 1442 illo
720 1414 762 1442 vel
775 1424 792 1442 a
805 1415 903 1442 ceteris
922 1413 1129 1449 interpretibus,
1142 1423 1210 1449 quos
1228 1414 1336 1450 quidem
1348 1414 1483 1451 inspicere

297 1462 381 1497 licuit,
395 1466 443 1492 aut
456 1464 565 1493 silentio
574 1466 785 1501 praetermissos
798 1465 925 1498 viderem,
936 1468 985 1492 aut
996 1464 1085 1491 niinus
1098 1466 1171 1491 recte
1185 1464 1335 1499 explicatos
1348 1468 1483 1500 putarem,

297 1513 330 1539 (le
343 1513 377 1540 iis
391 1514 458 1548 quid
470 1514 536 1541 mihi
549 1515 695 1547 videretur,
709 1515 803 1549 paucis
817 1523 951 1549 exponere
965 1513 1161 1547 doctorumque
1174 1513 1294 1540 virorum
1306 1513 1406 1540 iudicio
1420 1513 1481 1540 sub-

296 1561 377 1589 iicere
390 1562 500 1598 placuit.

369 1614 423 1649 Gap.
442 1616 472 1641 ΙΙ.
491 1615 513 1650 ξ.
528 1617 551 1642 2.
589 1614 654 1643 ἐπεὶ
673 1615 721 1643 καὶ
739 1616 796 1643 τῶν
820 1614 998 1643 παιδεύσεων
1025 1612 1077 1645 τὰς
1094 1612 1147 1647 μὲν
1162 1609 1337 1650 ,ἠθοποιοὺς
1362 1609 1381 1650 ἢ
1408 1612 1483 1650 πρὸς

295 1659 402 1700 ἡδονὴν
430 1663 479 1692 καὶ
503 1663 589 1703 χάριν
614 1665 781 1703 ἐλευθέριον
808 1663 1044 1699 σπουδαζομένας
1068 1660 1207 1701 ὀκνηρῶς
1234 1663 1283 1691 καὶ
1300 1659 1483 1699 ὅπροθύμως

296 1710 480 1747 ἐξεμάνθανε,
501 1715 558 1742 τῶν
577 1715 609 1742 δὲ
626 1713 667 1747 εἰς
680 1713 792 1742 σύνεσιν
812 1711 830 1751 ἢ
849 1713 955 1751 πρᾶξιν
974 1711 1134 1748 λεγομένων
1146 1711 1233 1748 δῆλος
1252 1708 1287 1740 r³v
1305 1708 1356 1746 οὐχ
1375 1709 1482 1748 ὑπερο-

296 1762 354 1800 ρῶν
374 1760 443 1801 παρ’
464 1762 585 1800 ἡλικίαν,
607 1761 646 1798 ὦς
665 1765 701 1803 τῇ
720 1762 808 1803 φύσει
827 1762 978 1792 πιστεύων.
1021 1762 1053 1790 In
1072 1762 1115 1790 his
1135 1761 1258 1790 voculam
1276 1758 1338 1795 οὐχ,
1358 1768 1428 1796 quae
1441 1763 1483 1788 est

297 1815 360 1839 ante
377 1810 529 1850 ὖπεροριῦν
549 1814 749 1841 Sintenisius
769 1814 797 1841 in
810 1813 947 1849 prioribus
960 1812 1020 1839 edd.
1034 1811 1157 1839 omnibus
1171 1820 1188 1838 a
1201 1820 1231 1839 se
1251 1813 1390 1839 servatam
1409 1812 1482 1845 post-

298 1871 378 1895 quam
396 1871 451 1889 non
469 1862 557 1890 solum
576 1872 593 1890 a
613 1863 690 1890 codd.
709 1864 731 1890 A
752 1866 780 1890 et
793 1863 816 1890 B
832 1870 846 1885 ι
855 1863 871 1886 b
882 1869 894 1884 ο
911 1884 917 1895 ,
932 1862 980 1889 sed
993 1862 1075 1889 etiam
1089 1861 1125 1889 ab
1138 1862 1239 1897 optimo
1251 1860 1322 1888 libro
1336 1859 1376 1887 Fa
1388 1859 1483 1886 abesse

298 1912 430 1947 cognovit,
443 1913 561 1948 primum
574 1913 602 1940 in
616 1912 656 1940 ed.
670 1912 784 1940 Weidm.
798 1913 884 1948 priori
903 1913 1008 1946 omisit,
1029 1915 1087 1939 tum
1106 1911 1134 1939 in
1152 1911 1193 1939 ed.
1208 1910 1310 1939 Teubn.
1327 1909 1483 1937 restitutam

298 1962 324 1988 in
337 1961 424 1988 altera
437 1962 478 1989 cd.
498 1961 612 1989 Weidm.
629 1972 724 1989 rursus
741 1962 846 1989 delevit.
885 1962 944 1996 Ego
961 1971 1025 1989 vero
1043 1971 1103 1989 eam
1124 1960 1166 1988 vel
1185 1960 1276 1987 invitis
1298 1960 1389 1992 libris,
1413 1968 1481 1994 quos
