1668 2480
781 382 797 384 „
822 382 852 384 W-
895 367 928 393 10
965 382 1095 385 --„...„-

313 440 432 472 postero,
450 438 593 473 sequentia
614 438 645 466 ἐν
669 435 743 475 αὐτῇ
764 438 796 466 δὲ
817 454 855 459 -—
876 438 1062 473 σχολάζοντες
1084 438 1137 465 diei
1159 438 1231 465 festo
1252 439 1331 466 unice
1356 440 1501 467 convenire

315 487 463 520 existimet,
486 489 649 523 praesertim
670 488 694 515 si
716 496 776 515 cum
800 487 938 523 plerisque
954 488 1149 523 interpretibus
1167 486 1220 525 τὴν
1237 485 1391 525 ὑστεραίαν
1409 488 1444 516 de
1456 489 1500 516 die

313 545 428 572 operoso
441 536 614 565 intellexerit.
652 537 722 564 Nam
731 536 790 564 dies
803 546 935 578 operosus
947 539 1021 564 recte
1034 536 1087 564 dici
1100 537 1208 566 videtur
1220 538 1391 574 negotiorum
1403 538 1500 573 plenus

314 595 374 614 esse
387 589 414 613 et
426 585 586 619 laboriosus,
600 587 658 614 dies
670 586 757 614 festus
770 588 862 613 autem
874 595 924 621 per
936 586 1021 614 otium
1033 586 1086 614 frui
1104 587 1201 623 opibus
1218 586 1272 615 diei
1285 587 1393 623 operosi
1405 587 1500 615 labore

313 636 424 671 paratis.
453 636 636 669 Quamobrem
649 636 727 664 multi
739 636 904 672 interpretes
917 634 1009 674 ἐκείνη
1022 636 1057 664 ad
1069 636 1142 665 diem
1158 640 1306 674 posterum,
1319 633 1393 674 αὐτῇ
1406 640 1498 665 autem

313 686 348 712 ad
361 685 432 712 diem
453 684 554 713 festum
575 686 736 713 retulerunt.
773 685 816 712 lta
841 686 1019 713 Bredovius
1044 686 1241 722 interpretatus
1267 690 1319 715 est:
1340 687 1421 717 „Miz
1440 687 1497 713 dem

313 736 423 772 Fecttaq
443 736 519 762 atriu
539 736 606 762 eim-t
625 735 672 762 der
689 734 826 770 Nachta9‚
847 735 888 761 als
907 737 945 762 eei
961 745 989 761 er
1005 733 1085 762 selbot
1104 736 1158 763 voll
1175 746 1253 772 reyer
1274 737 1424 772 meiykeic
1443 736 1498 762 und

313 785 464 812 mahaamer
482 785 585 815 Arbeie,
604 786 723 820 yewdlzre
736 785 814 820 jener
838 786 901 812 aber
922 795 974 811 mer
992 785 1136 820 Jeqlicltem
1161 785 1263 813 Genu-93
1282 786 1326 813 dee
1345 786 1497 813 Bereiteten

313 835 340 860 fn
359 833 547 869 yemdchliclter
559 834 661 860 Ruhe.“
683 833 719 859 Et
731 833 786 859 iam
798 835 863 860 ante
876 833 952 860 illum
969 832 1210 861 Kaltwasserus
1222 836 1340 861 testatus
1353 837 1403 866 est,
1416 835 1498 861 inter-

311 886 403 919 pretes
416 885 480 911 ante
492 891 522 909 se
534 884 646 918 praeter
659 881 847 909 Cruserium
859 890 953 909 omnes
966 881 1089 909 similiter
1107 882 1141 910 de
1160 882 1202 910 his
1220 882 1425 919 pronominibus
1442 885 1498 910 sta-

312 933 404 959 tuisse.
425 932 478 959 Sed
488 934 562 958 recte
571 931 643 958 idem
650 931 792 958 virdoctus
802 930 830 957 id
839 930 899 958 fieri
909 940 988 966 posse
998 932 1113 967 negavit.
1132 932 1202 959 Nam
1215 935 1246 959 ut
1258 932 1412 965 concedam,
1426 929 1497 959 ἐκεῖ·

312 991 359 1014 νος
371 980 509 1008 interdum
521 980 557 1007 ad
570 980 722 1007 subiectum
735 979 867 1006 orationis
880 979 990 1012 referii,
1010 982 1102 1007 tamen
1123 980 1169 1007 ubi
1191 983 1363 1016 opponuntur
1380 981 1452 1008 inter
1466 991 1494 1007 se

312 1027 397 1064 αὐτός
415 1031 485 1066 ipse
504 1032 533 1059 et
545 1028 658 1063 ἐκεῖνος,
678 1029 790 1057 dubium
803 1038 858 1056 non
870 1031 921 1059 est,
935 1029 998 1064 quin
1011 1028 1078 1056 illud
1090 1029 1126 1057 ad
1138 1039 1199 1057 eum
1211 1030 1309 1065 ipsum,
1322 1030 1369 1065 qui
1381 1030 1495 1066 loquens

310 1079 454 1113 inducitur,
466 1079 518 1106 hoc
531 1082 623 1106 autem
636 1079 672 1106 ad
685 1080 809 1111 alterum,
823 1087 940 1113 quocum
953 1078 993 1105 vel
1008 1078 1040 1105 de
1050 1088 1103 1113 quo
1116 1071 1177 1114 quis
1195 1079 1316 1114 loquitur
1324 1101 1330 1110 ,
1343 1079 1439 1107 referri
1453 1080 1497 1107 de-

310 1130 381 1158 beat.
420 1129 499 1163 Quod
512 1139 595 1165 quum
607 1129 787 1157 intellexisset
804 1128 961 1164 Anonymus
981 1127 1033 1160 ille,
1052 1128 1127 1155 cuius
1146 1128 1277 1157 lectiones
1296 1129 1496 1157 Sintenisius

309 1181 389 1208 litera
405 1191 422 1207 x
445 1180 558 1212 notavit,
571 1188 621 1214 pro
635 1180 670 1216 τῇ
680 1177 767 1216 ἑορτῇ
785 1178 836 1215 τὴν
856 1175 977 1215 ὑστέραν
989 1178 1095 1205 inverso
1109 1178 1203 1206 ordine
1216 1180 1325 1215 scripsit
1337 1180 1373 1216 τῇ
1391 1177 1496 1217 ὑστέρᾳ

310 1228 360 1265 τὴν
380 1226 489 1266 ἑορτήν,
501 1231 530 1255 et
541 1228 632 1263 paullo
644 1228 716 1255 infra
728 1237 778 1263 pro
795 1226 846 1263 τὴν
866 1224 892 1254 δ’
912 1224 1014 1264 ἑορτήν
1033 1228 1151 1254 correxit
1167 1227 1218 1264 τήν
1237 1228 1268 1255 δὲ
1287 1225 1415 1264 ὑστέραν.
1442 1228 1495 1255 Sed

310 1278 403 1305 obstat
415 1278 477 1305 huic
490 1280 663 1314 correcturae
677 1286 782 1305 summa
795 1277 957 1309 constantia,
977 1286 1031 1312 qua
1042 1276 1105 1304 libri
1122 1286 1205 1304 manu
1224 1278 1319 1312 scripti
1338 1280 1368 1304 ut
1387 1277 1412 1304 h.
1426 1277 1442 1304 l.
1455 1278 1494 1304 ita

310 1329 392 1356 etiam
411 1328 516 1356 duobus
528 1328 596 1355 locis
609 1328 763 1364 parallelis,
784 1327 883 1362 quibus
904 1327 999 1354 eadem
1018 1337 1061 1354 res
1082 1327 1138 1355 sere
1155 1327 1250 1355 iisdem
1268 1327 1358 1355 verbis
1376 1327 1495 1355 refertur

310 1378 431 1410 (Quaest.
444 1378 521 1404 Rom.
534 1388 559 1412 p.
574 1380 626 1405 270
640 1378 663 1404 B
676 1381 704 1404 et
717 1377 750 1403 de
763 1377 825 1403 fort.
839 1376 915 1403 Rom
926 1386 951 1411 p.
963 1378 1015 1403 320
1026 1377 1068 1411 E),
1081 1377 1109 1403 in
1122 1376 1223 1404 tuenda
1236 1377 1372 1412 scriptura
1384 1377 1494 1412 vulgata

308 1426 488 1453 consentiunt.
526 1427 565 1453 Ac
584 1426 670 1453 multo
683 1425 805 1461 profecto
826 1424 982 1451 credibilius
1002 1428 1056 1457 est,
1078 1425 1286 1452 Themistoclem
1304 1415 1494 1460 semetipsum

309 1485 369 1502 cum
390 1475 433 1503 die
450 1475 533 1508 festo,
551 1475 666 1503 alterum
683 1477 775 1502 autem
791 1475 997 1510 imperatorem,
1015 1474 1061 1509 qui
1078 1477 1140 1509 post
1158 1483 1186 1502 se
1206 1474 1275 1502 bene
1295 1483 1352 1501 rem
1370 1474 1493 1510 gesserit,

308 1533 369 1551 cum
382 1524 425 1551 die
438 1527 558 1559 postero,
571 1534 653 1560 quam
666 1527 762 1551 contra
774 1523 984 1558 comparavisse.
1011 1523 1085 1556 Quae
1098 1533 1179 1559 quum
1191 1524 1232 1551 ita
1244 1524 1306 1557 sint,
1319 1527 1393 1551 reete
1406 1524 1494 1551 Kalt-

309 1583 468 1601 wasserus
490 1572 583 1612 ἐκείνη
603 1574 639 1601 ad
651 1573 722 1601 diem
735 1573 846 1606 festum,
870 1572 942 1610 αὐτῇ
963 1575 1055 1600 autem
1068 1573 1103 1600 ad
1121 1573 1193 1600 diem
1212 1576 1352 1609 posterum
1368 1573 1494 1600 retulisse

308 1633 453 1660 verumque
475 1625 602 1661 vulgatae
624 1624 778 1660 scripturae
800 1632 909 1651 sensum
932 1624 1072 1659 aperuisse
1093 1623 1200 1651 videtur
1223 1623 1313 1651 verbis
1335 1623 1391 1651 his:
1411 1624 1492 1656 „Die

306 1676 472 1711 Festepeisen
485 1675 587 1702 werden
607 1684 642 1700 απ
661 1674 721 1700 dem
739 1674 868 1709 Fenttage
887 1673 968 1699 selbst
980 1675 1129 1705 zubereitet,
1143 1685 1178 1701 an
1196 1675 1256 1701 dem
1270 1675 1411 1709 Nachtaye
1431 1675 1494 1701 abm-

307 1724 423 1751 verzehrt
442 1734 506 1751 man
531 1724 574 1750 die
599 1723 708 1759 abr-{qen
731 1723 854 1750 Brocken
876 1723 941 1749 ohne
961 1722 1040 1749 Mche
1063 1723 1119 1749 und
1141 1723 1412 1750 Beschwerliclzkmf‘
1449 1722 1494 1749 Ni-

306 1773 404 1800 mirum
425 1774 547 1808 negotia,
569 1782 685 1809 quorum
706 1772 803 1808 plenus
823 1781 884 1800 esse
903 1771 1004 1799 dicitur
1020 1772 1078 1799 dies
1091 1771 1189 1805 festus,
1208 1781 1263 1800 non
1281 1772 1440 1808 quotidiam
1452 1771 1494 1798 vel

307 1821 423 1856 profana
437 1825 508 1854 sunt,
522 1822 570 1849 sed
583 1822 630 1849 illa
643 1822 710 1857 ipsa,
725 1832 794 1857 quae
807 1823 835 1849 in
849 1822 935 1849 sacris
949 1820 1077 1848 faciendis
1091 1821 1273 1856 parandisque
1286 1821 1373 1856 epulis
1386 1830 1494 1848 versan-

306 1874 359 1903 tur,
376 1871 553 1907 similiterque
566 1880 631 1908 opes
644 1874 766 1908 paratae,
779 1872 879 1908 quibus
892 1873 1002 1907 postero
1016 1870 1060 1899 die
1071 1869 1194 1899 homines
1214 1870 1267 1898 frui
1280 1870 1419 1904 dicuntur,
1431 1870 1493 1898 illae

307 1923 381 1957 ipsae
401 1924 476 1955 sunt,
494 1931 563 1957 quas
582 1922 639 1949 dies
660 1922 745 1949 festus
763 1923 791 1949 in
811 1931 876 1949 suos
894 1931 959 1949 usus
979 1922 1092 1957 paravit.
1131 1921 1301 1957 Omninoque
1320 1919 1337 1957 ἦ
1356 1919 1493 1959 ὑστεραία

307 1980 360 1998 non
373 1971 430 1998 dies
444 1979 577 2012 operosus
590 1973 639 2004 est,
654 1971 702 1998 sed
715 1972 794 2006 quasi
807 1971 878 1998 alter
891 1971 949 1998 dies
967 1971 1066 2004 festus,
1086 1980 1140 2006 quo
1160 1972 1332 2006 superiorum
1353 1970 1493 2005 epularum

306 2022 411 2056 repotia
423 2021 610 2049 instituuntur.
648 2021 737 2055 Quam
750 2021 914 2049 sententiam
927 2020 1088 2049 confirmare
1098 2012 1297 2057 quodammodo
1310 2020 1416 2048 videtur
1429 2029 1489 2048 con-
