1668 2480
830 379 846 405 g
886 394 990 397 ——w

244 452 353 487 Orpheo
367 452 484 487 scriptos
497 451 660 479 decantasse
673 451 802 479 dicuntur
814 455 851 487 (9,
865 454 908 481 27,
927 453 950 478 2.
970 451 1003 478 el.
1023 454 1048 484 9,
1067 453 1109 484 30,
1123 454 1159 485 6),
1181 452 1272 479 nescio
1294 452 1431 487 quomodo

241 502 277 530 ad
291 502 401 530 Cereris
415 501 516 529 cultum
529 501 704 537 pertinuerit,
724 500 820 528 deinde
833 500 986 528 Caucouem
1006 500 1085 537 Phlyi
1101 503 1227 536 nepotem
1244 506 1271 528 et
1290 501 1400 537 Lycum.
1413 510 1431 529 a

241 551 341 586 quibus
368 551 514 586 Phlyenses
537 553 565 578 et
587 550 750 587 Lycomidae
781 550 915 585 originem
935 551 1077 585 repetiisse
1103 550 1242 580 videntur.
1269 559 1430 586 magnarum

243 600 357 628 dearum
371 601 396 627 h.
410 610 432 628 e.
446 600 554 628 Cereris
568 603 596 627 et
609 600 798 635 Proserpinae,
811 599 913 626 cultum
931 608 966 626 ex
978 599 1072 626 Attica.
1091 599 1127 627 ad
1139 599 1289 627 Messenios
1310 602 1430 626 transtu-

241 651 306 679 lisse
319 651 415 678 scribit
425 652 540 686 (4,1,4);
554 659 637 685 porro
650 649 808 684 Methapum
821 647 1020 682 Atheniense-m,
1031 658 1170 677 sacrorum
1180 657 1342 676 areanorum
1355 648 1430 675 insti-

243 703 368 734 tutorem,
381 700 409 728 in
427 700 528 728 sacello
551 697 676 737 (κλισίῳ)
698 698 906 735 Lycomidarum
925 702 1045 727 statuam
1063 707 1125 727 cum
1144 698 1339 734 epigrammate
1356 699 1429 726 dedi-

243 759 320 777 casse
333 749 426 782 tradit,
439 758 493 784 quo
507 758 536 776 se
549 749 623 784 apud
634 749 784 776 Messenios
797 752 861 783 post
874 748 1029 786 {hubonem
1042 753 1069 777 et
1083 750 1184 785 Lycum
1197 749 1304 777 Cereris
1324 752 1351 776 et
1365 749 1429 776 Pro-

242 799 367 834 serpinae
393 808 471 826 sacra
496 800 666 826 instaurasse
688 798 880 834 significaverit
897 800 935 834 (4,
955 802 977 832 1,
998 803 1037 829 5);
1063 799 1178 834 denique
1203 798 1303 826 multos
1327 807 1342 825 e
1362 798 1430 826 The-

242 850 373 877 mistoclis
395 850 511 885 posteris
534 849 558 876 h.
579 858 601 876 e.
628 858 643 875 e
671 848 822 884 Lycomidis
832 870 838 878 ,
861 847 999 876 daduchos
1030 849 1058 876 in
1088 849 1233 876 Eleusiniis
1259 849 1346 876 factos
1369 857 1429 876 esse

242 902 362 927 testatur
375 900 411 934 (1,
427 901 468 929 37,
485 902 506 926 l.
522 899 553 926 cl.
569 899 625 926 vita
638 899 663 925 X
677 901 758 926 oratt.
772 908 797 933 p.
812 900 864 924 353
878 898 988 934 Reislm.
1019 899 1057 926 Cf.
1072 899 1192 926 Sinten.
1207 898 1247 925 ed.
1261 898 1323 925 mai.
1337 898 1428 925 Them.
1452 905 1454 907 ’

242 958 267 984 p.
284 951 316 975 10
330 951 356 975 et
370 957 438 983 quos
452 948 498 974 ille
512 948 586 979 citat,
601 948 729 975 Passov.
743 947 777 975 ad
789 947 857 974 Mus.
871 957 896 983 p.
911 950 945 974 53
959 951 986 975 et
1000 949 1028 975 C.
1043 949 1073 975 Ο.
1087 949 1230 976 Mueller.
1244 949 1278 975 de
1291 948 1429 975 Minervae

243 998 361 1024 Poliadis
379 1007 448 1025 saer.
469 1007 493 1033 p.
510 1000 540 1025 11
562 1000 589 1024 et
603 1001 646 1028 44,
666 997 763 1032 quibus
780 997 849 1025 adde
868 998 1002 1025 Lobeck.
1025 998 1156 1033 Aglaoph.
1174 1008 1199 1033 p.
1223 1000 1275 1025 982
1299 1000 1327 1025 et
1351 999 1427 1024 1251.

242 1047 389 1074 Praeterea
402 1057 486 1082 quum
499 1047 695 1075 Themistocles
709 1046 817 1075 demum
835 1048 1044 1083 Lycomidamm
1063 1048 1190 1075 sacellum
1211 1056 1228 1075 a
1247 1047 1338 1075 Persis
1357 1055 1428 1074 com-

242 1098 351 1125 bustum
361 1098 515 1125 restituisse
521 1097 630 1125 dicatur
637 1103 671 1134 (ο.
683 1099 716 1132 1),
726 1097 761 1126 τὰ
774 1096 933 1136 παράσημα
943 1097 1115 1134 aLycomede
1123 1100 1204 1133 capta
1213 1100 1287 1125 certe
1299 1106 1354 1124 non
1366 1099 1430 1124 ante

242 1149 347 1175 finitum
360 1148 461 1176 bellum
474 1148 511 1175 ibi
525 1148 655 1184 suspendi
668 1151 822 1184 potuerunt.
842 1149 940 1176 Restat
952 1149 1037 1184 igitur
1050 1152 1081 1176 ut
1093 1148 1210 1184 insignia
1224 1147 1281 1181 illa,
1295 1147 1318 1174 si
1327 1146 1428 1183 Phlyae

241 1198 365 1225 dedicata
375 1197 493 1231 suerunt,
507 1201 581 1226 certe
595 1208 649 1226 non
662 1198 903 1234 inLycomidarum
917 1198 1026 1231 sacello,
1036 1198 1122 1225 sedin
1128 1197 1259 1233 Apollinis
1266 1196 1366 1232 templo
1381 1197 1428 1224 ali-

243 1256 296 1282 quo
315 1248 440 1275 dedicata
463 1247 548 1275 fuisse
572 1252 706 1284 putemus.
750 1249 787 1275 Ac
809 1257 902 1275 verum
920 1250 962 1275 est
985 1247 1058 1274 inter
1076 1247 1142 1275 deos
1161 1256 1276 1283 quorum
1293 1256 1373 1275 sacra
1391 1247 1429 1274 ibi

243 1298 352 1330 fuerint,
366 1298 438 1333 apud
451 1298 616 1325 Pausaniam
630 1299 712 1325 etiam
725 1298 877 1332 Apollinem
890 1298 1098 1325 commemorari
1111 1299 1147 1333 (l,
1156 1300 1197 1330 31,
1205 1298 1241 1332 4),
1255 1296 1303 1324 sed
1316 1296 1361 1324 ille
1374 1306 1428 1324 non

244 1345 449 1385 Δαφνηφόρος,
470 1347 519 1374 sed
532 1345 743 1380 Διονυσόδοτος
759 1347 913 1382 appellatus
923 1351 972 1375 est.
993 1348 1176 1380 Quamobrem
1190 1356 1284 1374 vereor
1296 1346 1427 1382 equidem,

242 1406 276 1423 ne
290 1399 383 1424 nostro
397 1397 456 1424 loco
474 1397 602 1434 Φλυῆσιν
615 1407 632 1425 a
644 1397 758 1424 librario
771 1396 889 1432 quodam
902 1397 1071 1433 adscriptum
1084 1398 1132 1431 sit,
1151 1397 1197 1432 qui
1217 1397 1363 1433 superioris
1376 1397 1428 1424 loci

242 1446 409 1473 meminisset
421 1446 603 1481 sacellumque
614 1447 821 1483 Lycomidarum
831 1447 869 1474 ibi
878 1450 1061 1474 memoratum
1070 1447 1202 1482 Apollinis
1214 1447 1298 1475 fuisse
1311 1450 1428 1482 putaret.

313 1498 366 1531 Gap.
386 1498 436 1523 ΠΙ.
461 1497 483 1531 ξ
507 1498 528 1523 l.
568 1495 710 1534 ἐπεχείρει
733 1495 782 1525 διὰ
803 1496 943 1533 χωμάτων
966 1495 1085 1533 ἐπάγειν
1106 1495 1138 1524 τὸ
1167 1496 1260 1531 πεζὸν,
1272 1495 1312 1530 εἷς
1331 1496 1426 1524 Σαλα-

241 1548 308 1581 μῖνα
334 1548 393 1579 τοῖς
405 1545 541 1583 Ἓλλησιν
562 1546 714 1585 ἐμφράξας
730 1545 780 1575 τὸν
798 1545 847 1575 διὰ
866 1546 956 1582 μέσου
980 1543 1081 1584 πόρον.
1122 1546 1207 1574 Iidem
1229 1556 1297 1583 quos
1319 1548 1427 1583 saepius

241 1596 296 1623 dixi
309 1596 443 1623 duumviri
463 1605 497 1623 ex
517 1596 613 1623 eodem
626 1596 718 1623 codice
732 1596 875 1624 ediderunt
892 1599 953 1630 τοῖς
964 1595 1099 1634 Ἕλλησιν
1119 1594 1159 1629 εἷς
1177 1596 1333 1632 Σαλαμῖνα.
1370 1597 1426 1624 Nec

241 1647 393 1681 negaverim
407 1646 540 1678 dativum,
558 1646 581 1672 si
594 1646 712 1681 pendeat
725 1655 758 1673 ex
770 1645 888 1683 ἐπάγειν
907 1647 1009 1674 rectius
1021 1646 1160 1682 praemitti
1176 1646 1266 1674 verbis
1279 1646 1369 1674 locum
1382 1647 1427 1675 de-

240 1695 409 1728 finientibus,
433 1696 481 1723 sed
505 1696 600 1723 dubito
620 1695 654 1722 de
670 1696 749 1722 hiatu
767 1696 916 1731 Σαλαμῖνα
935 1695 1093 1733 ἐμφράξας,
1112 1697 1156 1731 qui
1179 1697 1230 1723 etsi
1252 1696 1426 1724 distinctione

239 1744 383 1771 verborum
397 1745 597 1779 quodammodo
612 1748 758 1772 excusatur
775 1754 808 1771 ac
820 1744 852 1771 fit
861 1745 933 1771 inter
947 1745 1055 1772 vocales
1068 1745 1174 1779 breves,
1193 1746 1227 1773 de
1244 1746 1341 1781 quibus
1361 1746 1425 1781 quid

240 1794 292 1821 sibi
305 1794 443 1822 videretur
458 1795 659 1822 Sintenisius
672 1793 791 1821 nondum
804 1794 880 1828 dixit,
902 1798 993 1822 tamen
1004 1804 1058 1822 non
1068 1795 1140 1823 ultro
1152 1795 1181 1822 in
1190 1793 1330 1822 Plutarchi
1343 1795 1424 1822 verba

240 1843 395 1870 inferendus
408 1845 514 1871 videtur
528 1854 595 1871 esse.
634 1845 690 1871 11110
704 1835 746 1871 ob¹
756 1844 784 1871 id
802 1845 891 1879 ipsum
908 1847 939 1871 ut
957 1845 1056 1872 vitaret
1077 1846 1180 1872 hiatum
1199 1845 1317 1880 scriptor
1335 1845 1385 1872 hae
1399 1845 1425 1871 in

241 1901 268 1917 re
281 1892 504 1928 diligentissimus
530 1894 716 1928 postposuisse
732 1893 850 1920 dativum
870 1894 1066 1921 existimandus
1086 1897 1135 1921 est.
1174 1895 1321 1921 Praeterea
1342 1894 1425 1920 etiam

241 1942 305 1969 illud
318 1942 430 1970 dubimu
443 1943 526 1970 videri
539 1944 634 1978 possit,
645 1952 679 1971 an
689 1943 797 1970 dativus
806 1944 897 1979 potius
907 1952 968 1970 eum
981 1942 1130 1982 ἐμφράξας
1139 1954 1220 1980 quam
1234 1953 1296 1971 cum
1309 1941 1426 1979 ἐπάγειν

241 1992 391 2026 iungendus
405 1993 448 2018 sit.
487 1992 581 2026 Neque
596 1993 666 2019 enim
680 1993 707 2018 in
720 2001 818 2027 aggere
831 1993 956 2020 faciendo
970 1993 1075 2020 Xerxes
1094 1994 1145 2021 hoc
1163 2003 1247 2021 unum
1260 1993 1425 2028 spectavisse

242 2041 354 2074 videtur,
367 2044 397 2077 ut
412 2041 513 2077 copias,
528 2050 597 2076 quae.
608 2040 719 2067 navibus
729 2041 866 2076 praesidio
879 2044 971 2069 essent
984 2044 1011 2068 et
1024 2043 1101 2077 quasi
1114 2042 1234 2078 pedestri
1247 2041 1350 2077 proelio
1364 2050 1425 2069 cum
