1668 2480
653 337 747 340 ω---
788 325 802 348 7
847 338 967 341 ——

277 397 330 431 (hp.
350 398 385 423 xl.
404 395 427 431 ξ.
441 398 465 422 4.
504 392 599 423 ἔννοια
618 394 667 423 καὶ
686 394 751 428 δέος
774 392 837 430 ἔσχε
860 384 910 423 ‘cdv
932 392 1115 432 Εὐρυβιάδην
1139 396 1195 422 τῶν
1210 391 1383 433 Ἀθηναίων,

203 443 242 481 μή
263 445 340 482 σφᾶς
358 441 555 478 ἀπολιπόντες
578 441 720 478 οἴχωνται.
749 444 947 472 Sintenisius
960 444 1012 480 (ed.
1027 444 1140 472 Weidm.
1154 447 1182 472 et
1195 444 1308 475 Teubn.)
1321 454 1382 480 pro-

203 493 286 521 bante
298 494 381 522 etiam
393 494 538 522 Bekkero
557 502 572 521 e
592 493 686 520 codice
704 493 744 520 Fa
762 493 846 520 edidit
861 492 901 531 μὴ
920 495 997 530 σφᾶς
1021 491 1230 526 ἀπολείποντες
1248 490 1382 527 οἴχονται.

205 542 258 570 Sed
270 543 404 579 quomodo
416 543 593 571 Indicativum
606 542 715 570 modum
728 542 884 570 defenderet
897 543 938 570 vir
951 543 1123 570 doctissimus
1132 542 1174 569 vel
1183 542 1212 569 in
1220 551 1255 569 ea
1266 542 1383 570 editione

204 592 293 621 dicere
306 593 469 631 supersedit,
482 602 564 629 quam
575 592 611 620 ad
624 591 778 620 scholarum
794 601 873 620 usum
891 592 1132 620 accommodasset.
1171 591 1231 627 Ego
1248 601 1313 619 vero
1330 601 1384 619 non

203 642 282 670 aliter
295 643 402 671 defendi
414 652 494 679 posse
506 643 658 679 putaverim
670 643 722 670 nisi
735 643 782 674 sic,
794 645 826 669 ut
837 639 877 679 μή
887 642 1073 678 interrogandi
1090 641 1253 677 particulam
1273 651 1333 669 esse
1345 641 1384 669 di-

204 700 257 722 cas,
271 692 343 728 quod
353 701 516 729 quamquam
528 696 619 728 potest
632 691 714 720 etiain
726 695 789 727 post
801 691 885 719 verba
897 691 1008 718 timendi
1021 691 1080 719 fieri
1094 691 1202 727 (Kriig.
1216 700 1328 728 gramm.
1342 701 1382 727 gr.

204 742 225 772 ξ.
240 743 282 774 54,
297 744 320 774 8,
337 743 389 777 12),
406 744 499 769 tamen
520 745 578 769 tum
600 742 707 769 demum
719 741 778 768 fien·
790 740 909 773 videtur,
931 749 991 767 cum
1014 741 1075 775 quis
1097 740 1252 775 suspicatur
1273 740 1383 768 iamiam

204 790 261 817 fieri
277 794 325 818 aut
336 791 439 819 factum
452 800 519 825 esse,
533 791 605 827 quod
618 792 716 819 metuit
727 799 761 817 ne
773 790 823 817 fiat
835 793 884 817 aut
895 789 998 817 factum
1011 791 1047 817 sit
1053 801 1068 828 ;-
1079 798 1151 825 quae
1170 790 1278 825 quidem
1299 790 1383 826 suspi-

204 839 244 866 cio
257 847 274 866 a
287 843 381 867 nostro
393 840 453 867 loco
467 840 556 867 aliena
569 842 618 867 est.

276 891 329 924 Gap.
349 891 395 917 ΧΙΙ.
412 891 434 924 ξ.
451 892 472 917 1.
492 890 548 917 τῶν
561 886 709 924 δυνάμεων
721 885 797 923 ὁμοῦ
809 887 972 925 γενομένων.
993 888 1191 916 Sintenisius
1205 888 1257 925 (ed.
1266 888 1379 916 Weidm.

203 941 229 964 et
244 939 356 967 Teubn.)
370 942 398 966 et
415 939 582 967 Bekkerus
599 949 633 966 ex
651 938 745 966 eodem
758 938 850 966 codice
863 938 1007 966 ediderunt
1018 939 1074 966 τιῦν
1093 938 1125 966 δὲ
1143 938 1291 973 δυνάμεων
1309 935 1384 973 ὁμοῦ

203 987 367 1023 γενομένων,
380 991 411 1015 ut
420 988 547 1024 apodosis
560 988 632 1016 infra
644 988 752 1015 demum
764 987 887 1015 ordiatur
899 996 916 1015 a
928 987 1018 1014 verbis
1031 984 1104 1014 ἔνθα
1116 984 1161 1023 δή.
1199 987 1278 1020 Quod
1290 997 1383 1023 quam-

202 1045 283 1071 quam
296 1046 377 1072 posse
386 1038 445 1066 fieri
458 1038 585 1071 concedo,
597 1041 688 1065 tamen
701 1037 811 1065 obstare
823 1037 929 1065 videtur
941 1046 1007 1064 usus
1020 1037 1160 1065 Plutarchi
1169 1039 1236 1066 satis
1247 1042 1382 1072 onustans,

202 1096 256 1121 quo
269 1087 380 1115 voculae
399 1084 473 1115 ἔνθα
492 1087 527 1124 δή
553 1097 570 1115 a
582 1096 667 1114 novae
685 1088 835 1114 sententiae
854 1088 986 1127 principio
1002 1088 1108 1122 positae
1125 1087 1305 1122 reperiuntur.
1343 1089 1382 1117 Cf.

202 1146 285 1172 supra
298 1145 319 1164 c.
335 1139 349 1164 7
364 1139 392 1165 et
408 1139 448 1170 10,
461 1146 585 1173 quaeque
603 1136 760 1173 Wyttenb.
777 1136 833 1164 Ind.
852 1146 878 1172 p.
893 1139 945 1164 308
958 1136 999 1164 ed.
1012 1137 1086 1172 Lips.
1104 1138 1241 1173 congessit
1259 1138 1383 1174 exempla

201 1185 324 1220 plurima.
362 1186 418 1213 Nee
438 1186 517 1214 facile
534 1186 675 1221 negaveris
695 1186 878 1221 superioribus
895 1186 948 1213 illis
969 1185 1148 1224 προσέθεντο
1165 1188 1201 1223 τῇ
1219 1186 1315 1224 γνώμῃ
1334 1188 1383 1215 καὶ

201 1233 446 1272 παρεσκευάζοντο
478 1235 704 1272 ναυμαχήσοντες
730 1236 837 1268 rectius
863 1236 964 1271 opponi
990 1244 1059 1270 quae
1088 1236 1211 1271 proxime
1234 1239 1383 1271 sequuntur

201 1282 373 1322 ἐξερρύησαν
391 1282 419 1312 οἳ
432 1285 483 1312 τοῦ
499 1283 723 1321 Θεμιστοκλέους
742 1284 823 1322 λόγοι
835 1286 891 1314 τῶν
907 1283 1056 1323 Ἑλλήνων,
1077 1295 1159 1322 quam
1172 1295 1241 1322 quae
1254 1285 1325 1314 infra
1338 1286 1381 1315 de-

200 1344 274 1362 mum
287 1335 468 1362 subiiciuntur
481 1332 496 1362 ὀ
520 1332 930 1371 Θεμιστοκλῆς-ἐβουλεύετο
949 1335 997 1363 καὶ
1016 1334 1160 1363 συνετίθει
1178 1335 1228 1372 τὴν
1248 1335 1315 1373 περὶ
1333 1336 1382 1364 τὸν

200 1382 330 1411 Σίκιννον
350 1382 555 1421 πραγματείαν.

273 1436 327 1469 Cap.
343 1436 384 1461 XV.
404 1435 425 1469 ξ.
440 1436 464 1460 2.
502 1434 618 1471 πρῶτος
634 1432 687 1468 μὲν
706 1429 757 1461 οὖν
775 1432 915 1469 λαμβάνει
929 1435 997 1462 ναῦν
1009 1433 1188 1471 Λυκομήδης
1200 1430 1274 1471 ἀνὴρ
1291 1430 1379 1472 ’Λθή-

202 1486 279 1517 ναῖος
298 1483 486 1520 τριηραρχῶν,
494 1477 528 1519 ἧς
546 1481 581 1510 τὰ
599 1482 759 1519 παράσημα
777 1480 941 1520 περικόψας
961 1480 1101 1519 ἀνέθηκεν
1117 1480 1280 1511 Ἀπόλλωνι
1304 1483 1380 1520 δαφ-

200 1532 325 1571 νηφόρῳ.
363 1532 431 1560 Post
449 1529 627 1569 δαφνηφόρῳ
648 1531 767 1559 Sinten.
794 1524 846 1568 (ed.
872 1531 986 1559 Weidm.
1004 1535 1032 1559 et
1049 1532 1163 1567 Teubn.)
1181 1534 1209 1559 et
1227 1532 1321 1560 Bekk.
1347 1541 1381 1560 ex

200 1583 295 1610 eodem
316 1582 408 1610 codice
430 1581 534 1609 addunt
555 1581 687 1617 Φλυῆσιν.
729 1582 817 1614 Quam
838 1581 982 1609 lectionem
1004 1582 1166 1609 confirmare
1188 1583 1272 1610 videri
1294 1584 1381 1619 possit

200 1632 273 1668 quod
285 1640 368 1667 supra
380 1640 402 1658 e.
419 1634 431 1658 l
446 1631 573 1658 universa
584 1630 793 1666 Lycomidarum
805 1640 879 1667 gens,
892 1631 936 1658 cui
954 1631 1037 1658 etiam
1057 1631 1222 1667 Lycomedes
1239 1632 1285 1659 ille
1303 1633 1380 1659 trier-

199 1683 297 1710 archus
310 1682 465 1717 adscriptus
474 1681 557 1708 fuisse
570 1680 677 1709 videtur
684 1703 691 1715 ,
703 1681 806 1717 Phlyae
816 1690 955 1709 commune
969 1680 1105 1716 quoddam
1115 1681 1245 1709 sacellum
1254 1681 1380 1710 habuisse

199 1733 305 1760 dieitur.
342 1732 397 1760 Sed
412 1732 480 1760 illud
496 1741 551 1759 non
563 1731 710 1767 Apollinis,
729 1731 782 1758 sed.
794 1731 902 1759 Cereris
919 1731 1015 1764 fuisse,
1035 1734 1093 1758 tum
1111 1732 1170 1767 ipso
1187 1741 1238 1759 usu
1256 1732 1380 1760 vocabuli

199 1780 387 1818 τελεστήριον,
407 1782 505 1817 quippe
518 1790 571 1816 quo
584 1780 694 1817 proprie
707 1776 1016 1816 significeturtemplum
1024 1803 1030 1814 ,
1044 1790 1097 1816 quo
1111 1781 1171 1816 quis
1184 1781 1320 1817 mysteriis
1332 1782 1380 1808 ini-

198 1831 284 1858 tiatur
296 1830 338 1858 vel
351 1840 405 1866 quo
422 1840 501 1859 sacra
518 1840 619 1859 arcana
636 1830 810 1859 celebrantur
827 1830 872 1867 (cf.
893 1830 963 1858 Plut.
984 1830 1079 1858 Pericl.
1100 1833 1131 1858 13
1145 1829 1177 1858 τὸ
1197 1830 1228 1859 ἐν
1244 1828 1380 1859 Ἐλευσῖνι

198 1880 402 1918 τελεστήριον),
420 1883 478 1908 tum
491 1881 641 1908 Pausaniae
660 1880 726 1908 locis
747 1881 908 1915 quibusdam
926 1880 1096 1916 comprobari
1112 1880 1227 1908 videtur.
1269 1880 1300 1907 Is
1308 1880 1380 1907 enim

197 1929 315 1963 primum
328 1929 479 1965 Lycomidis
492 1938 510 1957 a
521 1930 633 1958 Musaeo
646 1931 775 1967 hymnum
786 1930 814 1956 in
828 1929 955 1956 Cererem
970 1930 1100 1965 scriptum
1113 1939 1173 1957 esse
1189 1930 1274 1957 refert
1286 1930 1380 1964 (1‚.22‚

199 1980 222 2005 7.
237 1981 261 2011 4,
278 1981 300 2011 1,
314 1979 350 2014 4),
369 1988 534 2015 quamquam
551 1980 624 2014 quod
641 1980 724 2008 iidem
742 1979 824 2007 etiam
844 1979 957 2014 hymnos
979 1979 1006 2006 in
1027 1976 1153 2006 Amorem
1170 1988 1187 2006 a
1208 1978 1330 2014 Pampho
1353 1981 1381 2005 et
