1668 2480
223 1147 323 1198 Quum
332 1165 418 1192 nuper
430 1156 459 1182 in
468 1153 567 1181 scholis
577 1152 692 1188 publicis
702 1150 842 1178 Plutarchi
852 1146 1060 1176 Themistoclem
1072 1148 1230 1175 tractarem,
1244 1144 1327 1171 etiam
1340 1145 1402 1177 post

225 1209 356 1245 repetitas
375 1205 486 1234 Caroli
505 1203 679 1231 Sintenisii
698 1204 726 1229 et
743 1201 914 1237 nuperi-imas
933 1196 1148 1226 Immanuelis
1166 1194 1305 1222 Bekkeri
1324 1202 1402 1220 curas

223 1257 367 1286 nonnullos
379 1256 454 1283 locos
468 1254 579 1282 relictos
592 1262 652 1280 esse
664 1251 794 1284 intellexi,
813 1250 911 1286 quibus
929 1248 972 1275 vel
989 1247 1023 1274 de
1039 1245 1164 1273 lectionis
1183 1244 1299 1271 veritate
1315 1243 1358 1270 vel
1371 1243 1403 1269 de

224 1307 360 1335 sententia
371 1306 518 1332 verbor-iun
529 1313 584 1331 non
596 1302 697 1330 iniuria
709 1301 847 1328 videretur
860 1297 981 1325 dubitari
993 1305 1080 1331 posse.
1118 1294 1156 1321 Et
1167 1294 1284 1329 primum
1297 1292 1404 1328 quidem

224 1360 256 1385 ut
268 1357 301 1385 de
314 1365 345 1384 re
358 1355 454 1383 critica
466 1354 563 1387 dicam‚
576 1352 605 1380 G.
619 1350 842 1382 Sintenisium,
860 1346 1041 1375 clarissimum
1054 1344 1195 1371 Plutarchi
1204 1341 1405 1370 emendatorem

226 1417 258 1435 ac
274 1415 360 1442 paene
374 1405 575 1440 sospitatorem,
589 1411 622 1429 ex
631 1393 688 1436 ¹quo
702 1409 785 1435 quum
797 1398 914 1426 aliorum
926 1395 1106 1431 quorumdam
1118 1393 1249 1421 codicum.
1262 1395 1320 1419 tum
1332 1391 1406 1418 Pari-

227 1457 348 1483 sinorum
361 1454 491 1486 omnium,
504 1453 533 1479 in
545 1452 588 1479 his
605 1450 669 1477 libri
685 1449 779 1484 optimi
796 1457 822 1474 n.
842 1449 912 1474 1676
929 1446 993 1481 (Fa)
1010 1445 1160 1478 scripturas
1173 1442 1353 1477 cognovisset,
1371 1440 1407 1467 ad

227 1505 307 1533 huius
319 1503 436 1531 maxime
451 1502 515 1530 libri
533 1500 622 1534 fidem,
634 1499 674 1527 uti
690 1499 719 1526 in
732 1497 830 1526 ceteris
842 1496 912 1530 vitis,
930 1496 971 1523 ita
982 1493 1105 1530 inprimis
1122 1492 1206 1520 etiam
1221 1491 1250 1518 in
1266 1490 1322 1517 vita
1341 1489 1407 1516 The-

229 1554 359 1583 mistoclis
371 1553 489 1589 plurima
502 1550 686 1579 emendavisse
699 1550 815 1581 constat,
828 1547 861 1574 de
869 1555 928 1585 'qua
945 1554 975 1572 re
988 1545 1046 1580 ipse
1059 1543 1129 1570 dixit
1147 1543 1176 1570 in
1193 1541 1360 1578 praefatione
1374 1539 1409 1567 ad

230 1607 294 1633 Vitt.
307 1604 348 1632 ed.
365 1603 428 1630 mai.
441 1601 500 1629 Vol.
513 1601 557 1627 IV.
594 1600 666 1627 Hinc
678 1599 763 1634 igitur
774 1598 877 1624 factum
890 1598 932 1622 est
941 1617 947 1628 ‚
960 1596 991 1620 ut
1007 1594 1064 1620 vit-a
1083 1591 1272 1619 Themistoclis
1290 1592 1365 1626 (nam
1377 1589 1410 1615 de

230 1657 282 1684 hac
295 1654 354 1683 sola
362 1661 434 1681 nunc
448 1649 687 1684 dicereconstitui)
699 1648 728 1675 in
741 1645 936 1675 recentioribus
950 1642 1122 1672 Sintenisii
1135 1640 1307 1673 editionibus,
1319 1639 1344 1666 h.
1350 1648 1372 1666 e.
1385 1639 1411 1665 in

231 1709 348 1739 utraque
361 1703 402 1730 ed.
414 1701 641 1728 Weidmanniana
658 1700 693 1734 (a.
709 1700 775 1725 1851
791 1699 819 1724 et
833 1696 914 1730 1856)
928 1698 956 1722 et
971 1696 1000 1722 in
1020 1694 1060 1720 ed.
1079 1691 1269 1720 Teubneriana
1282 1691 1317 1725 (a.
1333 1691 1412 1717 1852>

233 1754 312 1789 longe
325 1752 406 1779 aliam
418 1750 516 1778 faciem
528 1749 652 1780 referret,
665 1750 748 1782 atque
761 1745 825 1773 olim
837 1744 976 1772 retulisset
988 1743 1016 1769 in
1031 1740 1220 1768 Themistoclis
1237 1739 1355 1766 editione
1366 1737 1414 1763 mi-

233 1804 294 1832 nori
307 1802 431 1840 (a 1829)
449 1804 477 1829 et
489 1790 589 1829 maiori
601 1800 637 1836 (a.
651 1796 731 1833 1832)
744 1797 827 1832 atque
839 1795 867 1823 in
879 1794 946 1822 Vitt.
959 1792 999 1821 ed.
1012 1791 1074 1820 mai.
1088 1791 1124 1827 (a.
1139 1791 1229 1825 1839),
1249 1788 1325 1816 cuius
1344 1785 1415 1814 volu—

234 1855 307 1881 mina
318 1853 373 1879 tria
385 1852 479 1886 priora
492 1859 575 1885 quum
587 1848 734 1876 maximam
745 1848 852 1881 partem
864 1846 919 1872 iam
932 1847 995 1871 ante
1012 1845 1122 1877 reperta
1138 1850 1209 1868 nova
1227 1838 1347 1867 subsidia
1366 1837 1417 1863 cri-

235 1903 291 1930 tica
316 1900 492 1937 prodiissent,
510 1898 641 1926 lectiones
664 1895 726 1923 inde
744 1896 867 1930 sumptae
887 1902 941 1920 non
957 1894 1106 1928 potuerunt
1124 1890 1177 1917 nisi
1195 1890 1223 1916 in
1241 1886 1377 1915 Addendis
1391 1888 1418 1912 et

236 1951 410 1987 Corrigendis
422 1949 480 1977 Vol.
492 1948 529 1976 IV
541 1947 665 1984 proponi.
690 1944 864 1973 Sintenisii
878 1945 969 1970 autem
982 1941 1155 1969 novissimam
1168 1938 1353 1967 recensionem
1365 1935 1420 1971 ple-

236 2002 329 2037 n‘sque
341 2001 409 2028 locis
422 2000 552 2034 sequutus
566 1999 608 2024 est
620 1996 703 2023 etiam
716 1994 740 2021 J.
760 1993 937 2025 Bekkerus‚
956 1992 998 2018 vir
1010 1999 1139 2025 magnus,
1157 1989 1205 2016 sed
1224 1989 1253 2015 in
1271 1986 1420 2014 Plutarcho

1230 2040 1239 2059 1
