1668 2480
639 340 774 343 „——
811 326 843 351 15
882 340 923 343 „m
933 339 1007 343 Α.-

236 391 422 434 si'gnifieantur
434 405 551 433 corpora
563 397 597 425 de
610 406 690 425 cruce
702 397 819 433 dempta.
857 396 917 425 Hoc
928 399 1021 425 sutem
1034 396 1057 423 si
1069 395 1236 432 probaveris,
1253 396 1308 423 ism
1319 399 1418 432 sponte

236 448 367 482 sequitur,
381 450 476 474 nostro
488 447 549 474 1000
561 456 649 482 neque
660 447 695 474 de
706 447 753 480 118,ι
761 447 808 482 qui
820 438 872 474 81111,
883 455 913 474 88
924 455 1008 474 manu
1021 445 1264 481 strangulandum
1282 455 1369 482 neque
1382 447 1416 474 de

237 497 278 530 iis,
292 497 339 532 qui
350 497 379 524 in
392 504 502 524 earcere
513 494 613 532 laqueo
625 495 750 524 suffocati
761 496 869 526 fuerint.
882 495 998 531 cogitari
1010 503 1099 530 posse,
1112 494 1213 530 quippe
1229 503 1300 530 quos
1312 504 1417 531 suuper

235 546 359 582 demptos
371 554 432 574 esse
444 548 656 574 consentaneum
668 547 715 580 sit,
727 546 776 574 sed
788 545 823 574 de
834 546 869 574 iis
877 569 883 580 ‚
900 546 948 582 qui
958 544 1066 581 publice
1078 544 1181 572 fuerint
1192 554 1208 580 e
1220 544 1343 580 patibulo
1360 549 1417 573 susL

235 596 319 632 pensi.
340 607 342 609 ·
357 596 481 631 Namque
492 595 543 623 hos
554 596 658 631 puriter
670 598 754 631 atque
766 596 888 624 homines
901 596 975 623 cruci
993 590 1062 622 fix'os
1081 604 1132 630 pro
1153 594 1313 622 delictorum
1330 596 1417 630 gravi-

234 648 291 673 tate
303 646 433 681 venisque
446 645 601 681 sepulturae
613 645 656 673 vel
668 645 735 673 data
747 645 936 680 νῶι-8811811111,
948 645 1029 673 modo
1041 644 1076 672 de
1092 644 1216 681 patibulo
1236 644 1279 672 vel
1289 644 1324 672 de
1336 653 1417 672 011108

235 695 358 730 demptos
370 694 451 722 modo
459 704 515 722 non
527 695 651 730 demptos
663 704 731 728 esse,
742 705 828 731 quum
839 695 901 723 aliis
910 698 1019 723 constat
1027 697 1150 722 veterum
1167 694 1330 729 scriptorum
1341 695 1417 722 testi·

235 745 331 772 moniis
348 743 447 781 (Plaut.
469 744 522 772 mil.
540 744 606 781 glor.
624 744 656 772 Π.
675 747 700 778 4,
724 747 764 773 19.
783 745 856 773 8010
874 753 1006 773 crucem
1029 744 1187 771 futurum
1201 743 1287 771 mihi
1307 744 1417 780 sepul-

236 795 357 828 crum),
374 797 433 822 111111
451 796 567 823 maxime
588 795 710 831 exemplo
728 795 794 823 Jesu
812 795 927 823 Christi.
946 796 1022 823 cuius
1039 803 1139 830 eorpus
1155 793 1312 830 petentibus
1323 794 1417 822 amieis

238 844 342 871 Pilatus
354 847 517 880 procurator
528 844 690 884 demendum
702 844 938 880 sepeliendumque
950 844 1091 877 concessit,
1105 847 1133 871 et
1145 843 1287 871 notissimo
1299 843 1360 871 loeo
1373 843 1417 871 Ul-

227 893 309 929 ,piani
321 894 339 921 l.
354 896 376 921 1.
389 894 421 921 D.
435 894 470 921 de
482 894 575 922 cadsv.
587 895 673 930 punit.
686 894 818 930 (XLVIII,
832 895 891 926 240:
911 902 1059 929 corpora
1077 902 1206 926 eorum,
1226 893 1287 928 qui
1304 894 1418 929 capite

236 943 439 977 damnantur,
459 944 607 980 cognatis
625 945 768 980 ipsorum
787 943 935 979 neganda
958 952 1020 971 non
1046 946 1133 976 sunta
1152 946 1185 970 et
1202 943 1235 970 id
1254 952 1287 970 se
1309 943 1418 971 obser—

235 1003 327 1021 vasse
352 994 448 1021 81111111
473 993 565 1021 divus
591 994 754 1030 Augustus
779 994 864 1021 libro
890 993 1012 1021 decimo
1040 993 1078 1020 de
1102 993 1172 1020 vita.
1195 1001 1253 1020 sua
1278 994 1417 1029 scripsit.

237 1043 338 1070 Hodie
356 1046 462 1071 autem
481 1052 602 1077 eorum,
625 1044 658 1070 in
676 1053 756 1079 quos
778 1043 1050 1071 animadvertitur
1075 1051 1214 1078 corpora
1237 1051 1299 1070 11011
1319 1042 1417 1070 aliter

235 1092 450 1128 sepeliuntur,
475 1101 568 1128 quam
593 1093 620 1120 si
643 1093 741 1120 fuerit
759 1093 895 1129 petitum
921 1095 953 1120 et
976 1093 1184 1128 permissum;
1216 1095 1248 1119 et
1276 1101 1417 1120 nonnun—

235 1151 329 1176 quam
347 1151 408 1170 non
426 1142 641 1178 permittitur,
664 1143 799 1170 maxime
822 1142 1005 1170 maiestatis
1031 1151 1130 1170 causa
1154 1141 1324 1171 damnatis.
1363 1143 1417 1171 Ita-

235 1199 287 1225 que
304 1191 469 1219 Plutarchus
493 1192 544 1219 1100
567 1192 658 1219 dicere
674 1183 792 1224 videtur,
812 1201 904 1219 eorum
921 1192 967 1226 qui
983 1200 998 1218 e
1017 1191 1140 1226 patibulo
1160 1201 1181 1218 s.
1198 1192 1277 1220 furca
1294 1193 1416 1227 suspensi

235 1242 333 1273 essent,
348 1248 463 1275 corpora
476 1241 584 1276 quidem
596 1241 755 1277 (impetrata
764 1241 824 1283 'eius
837 1241 877 1268 rei
888 1240 978 1269 venia]
989 1240 1100 1275 dempta
1110 1243 1138 1268 et
1151 1241 1265 1276 sepulta,
1279 1241 1327 1269 sed
1339 1242 1417 1269 vesti-

235 1291 325 1316 menta
337 1292 429 1318 tamen
441 1290 573 1326 funesque
585 1291 748 1327 ignominiae
758 1300 841 1318 causa
849 1291 970 1326 proiecta
980 1299 1053 1322 esse3
1072 1299 1105 1317 ac
1117 1290 1224 1318 videtur
1236 1291 1303 1318 illud
1315 1293 1416 1319 καθαι-

234 1338 377 1375 ρεθέντων
386 1349 419 1368 80
432 1340 579 1368 studiosius
591 1340 736 1373 addidisse,
747 1338 885 1376 quoniam,
897 1341 949 1368 nisi
963 1340 1079 1376 demptis
1093 1340 1254 1375 corporibus
1262 1362 1268 1374 ,
1288 1350 1322 1368 118
1339 1340 1416 1368 fimes

233 1387 349 1422 quidem,
363 1388 461 1425 quibus
472 1389 520 1417 illa
530 1398 665 1426 suspensa.
676 1389 799 1423 fuissent,
819 1390 915 1426 proiici
930 1392 1086 1426 potuerunt.
1124 1390 1203 1423 Quod
1220 1393 1311 1418 autem
1328 1390 1415 1418 Rein.

234 1437 250 1464 1.
265 1447 286 1465 e.
300 1448 324 1474 p.
338 1442 391 1467 913
405 1443 433 1467 et
454 1439 608 1467 Walther.
620 1439 637 1466 l.
651 1449 673 1466 c.
687 1439 720 1466 Π.
731 1449 757 1475 p.
772 1442 825 1467 449
838 1440 942 1468 fiircam
958 1440 1104 1467 recentiori
1117 1449 1199 1467 sensu
1212 1440 1274 1467 11.·8.
1287 1450 1336 1476 pro
1348 1441 1416 1476 pati-

234 1487 297 1515 bulo
311 1488 411 1517 dictam
424 1490 452 1516 in
464 1489 554 1517 locum
566 1490 656 1517 crucis
668 1499 686 1517 a
699 1490 877 1518 Constantino
889 1489 989 1525 Magno
1003 1489 1152 1524 abrogatae
1170 1490 1344 1517 substitutam
1353 1498 1414 1517 esse

233 1536 334 1571 dicunt,
346 1538 375 1566 id
387 1539 495 1567 nonita
512 1539 698 1575 accipiendum
714 1547 785 1573 8888,
803 1539 882 1576 quasi
900 1541 983 1567 antea
1001 1538 1094 1567 fuscae
1111 1539 1202 1567 nullus
1223 1539 1330 1567 omnino
1350 1547 1416 1566 usus

232 1587 323 1621 fuerit,
336 1588 434 1617 docent
446 1589 485 1617 illi
497 1590 564 1626 ipsi,
577 1590 676 1626 quibus
698 1589 882 1618 Waltherus
902 1590 1003 1619 utitur,
1025 1588 1125 1625 aliique
1146 1590 1226 1618 multi
1244 1590 1415 1625 Digestorum
1450 1595 1453 1597 ·

232 1636 299 1669 loci,
321 1640 416 1673 utpote
438 1648 472 1666 ex
489 1639 605 1675 Ulpiano
625 1640 740 1675 aliisque
756 1639 934 1674 scriptoribus
955 1638 1137 1666 Constantino
1156 1640 1356 1674 antiquioribus
1373 1648 1416 1666 ex-

231 1686 327 1720 pressi.
372 1687 430 1715 Vid.
449 1688 465 1715 1.
486 1691 509 1716 6.
528 1689 564 1716 ad
579 1689 667 1725 legem
687 1689 788 1716 ‚Iuliam
805 1689 891 1724 pecul.
909 1688 1040 1725 (XLVIII,
1062 1690 1120 1723 13):
1146 1688 1163 1715 1.
1176 1691 1193 1715 9
1207 1689 1229 1724 ξ.
1245 1691 1285 1716 ll.
1297 1689 1314 1715 1.
1329 1690 1363 1715 28
1375 1697 1416 1723 pr.

231 1736 254 1769 ς
279 1738 319 1763 15.
336 1737 353 1763 1.
373 1740 407 1765 38
427 1739 450 1774 ξ.
466 1741 487 1765 l.
502 1741 526 1765 2.
539 1739 573 1766 de
585 1739 680 1774 poenis
694 1738 826 1774 (XLVIII,
842 1739 900 1773 19);
917 1739 934 1765 1.
949 1741 964 1766 3
978 1740 1000 1774 ξ.
1016 1741 1049 1766 10
1063 1738 1097 1766 de
1110 1748 1140 1766 re
1152 1738 1229 1766 milit.
1242 1738 1349 1774 (XLIX,
1365 1738 1416 1768 16).

232 1785 402 1822 Maximeque
414 1788 460 1815 ille
473 1788 560 1822 locus,
574 1798 654 1824 quem
666 1789 759 1816 statim
771 1788 890 1824 primum
907 1789 997 1824 posui,
1016 1797 1070 1823 quo
1089 1787 1221 1824 Ulpianus
1239 1797 1268 1815 se
1286 1787 1355 1815 scire
1370 1788 1417 1820 ait,

231 1835 334 1863 multo
345 1845 358 1863 s
380 1837 408 1872 (e
429 1838 649 1874 proconsulibus)
668 1841 699 1865 et
722 1838 761 1866 ad
784 1837 907 1865 bestias
927 1837 1100 1865 damnasse
1125 1837 1319 1873 sacrilegos,
1341 1846 1417 1865 non-

232 1885 339 1914 nullos
364 1887 462 1915 etiam
483 1889 571 1916 vivos
597 1889 775 1923 exussisse,
803 1888 886 1916 alios
912 1897 992 1915 vero
1021 1888 1056 1914 in
1078 1886 1171 1915 furca
1195 1886 1417 1922 suspendisse.

232 1935 314 1963 etiam
327 1937 510 1971 antiquiorum
522 1941 676 1973 temporum
687 1938 845 1965 memoriam
857 1940 980 1973 repetere
993 1937 1108 1965 videtur.
1141 1937 1212 1965 Nam
1225 1936 1299 1972 quod
1310 1936 1335 1963 J.
1349 1935 1419 1971 Lip-

231 1985 298 2012 sius
317 1985 351 2012 de
370 1995 450 2014 cruce
473 1986 519 2015 ΙΠ.
542 1990 556 2014 7
584 1987 778 2015 Tribonianum
797 1990 957 2022 ceterosque
976 1987 1050 2014 viros
1073 1986 1169 2015 doctos
1181 2009 1187 2020 ,
1210 1987 1256 2022 qui
1272 1985 1417 2013 Justiniani
