1668 2480
889 344 920 369 16

306 417 429 451 tempore
441 415 611 451 antiquiores
623 414 698 451 leges
710 416 888 449 veterumque
900 414 1153 442 iurisconsultorum
1165 416 1316 443 sententias
1328 413 1497 452 collegerunt

307 467 334 492 et
355 464 384 491 in
404 473 489 491 unum
509 464 590 499 quasi
611 472 710 499 corpus
728 458 905 498 redegerunt,
926 463 955 490 in
976 463 1018 491 his
1040 463 1131 499 legum
1142 463 1220 491 libris
1235 463 1390 500 ubicunque
1407 465 1495 493 erucis

307 513 409 541 mentio
421 513 508 547 fieret,
520 522 571 549 pro
584 521 619 541 ea
631 522 665 541 ex
677 512 720 541 sui
732 512 863 548 temporis
876 521 953 540 more
965 512 1072 541 furcam
1090 512 1269 549 substituisse,
1281 515 1450 550 suspicatur,
1468 514 1496 542 id

307 564 464 591 coniectura
483 564 575 599 potius
592 572 675 599 quam
692 563 775 590 certis
792 563 962 597 argumentis
979 563 1029 590 niti
1045 562 1159 590 videtur.
1207 563 1264 591 Neo
1281 566 1375 591 tamen
1394 564 1496 593 infitior

306 615 416 648 praeter
428 612 605 648 Digestorum
625 611 703 640 locos*
723 611 823 639 citatos
845 620 880 638 ne
901 611 967 638 mihi
988 611 1099 646 quidem
1121 621 1192 640 nunc
1213 615 1359 648 suppetere
1380 613 1496 641 aliorum

307 662 470 697 scriptorum
483 662 607 690 veterum
617 661 782 694 testimonia,
795 660 894 695 quibus
906 661 963 688 iam
975 660 1115 689 Plutarchi
1127 665 1252 698 tempore
1267 662 1310 690 vel
1322 661 1435 690 Graecis
1454 662 1496 690 ve'l

306 711 437 739 Romanis
458 711 552 739 fiircae
577 720 598 739 s.
616 711 730 747 patibuli
751 711 912 747 supplicium
930 710 1069 746 cognitum
1088 710 1172 739 fuisse
1188 711 1379 739 demonstrem.
1418 711 1497 745 Quod

307 761 450 796 quominus
463 760 576 797 colligas
590 770 624 788 ex
637 761 769 789 eiusmodi
781 760 849 788 locis
862 759 1040 792 Plutarcheis,
1054 760 1148 795 quales
1161 763 1224 788 sunt
1240 760 1318 788 Eum.
1332 762 1348 788 9
1358 760 1434 788 Alex.
1453 764 1496 788 55.

307 812 341 837 59
362 809 463 838 Cleom.
477 812 512 838 38
530 810 650 838 Demetr.
671 812 713 844 33,
726 810 824 847 quibus
837 809 961 838 omnibus
973 808 1074 845 legitur
1086 810 1196 838 verbum
1214 807 1412 848 κρεμαννύναι,
1430 809 1497 837 illud

306 859 419 895 impedit
438 860 511 896 quod
527 860 580 888 hoc
592 861 681 896 ipsum
700 860 810 888 verbum
827 860 892 888 alibi
909 859 999 895 (Caes.
1018 861 1034 886 2
1053 859 1152 887 Cleom.
1171 860 1217 895 39)
1235 863 1418 888 commutatur
1435 869 1495 888 cum

306 909 389 937 verbo
408 907 619 947 ἅνασταυροῦν,
644 912 675 936 ut
692 909 726 937 de
746 910 833 936 crucis
850 909 940 944 potius
957 908 1100 944 supplicio,
1117 918 1151 936 ne
1169 909 1281 937 Graecis
1299 910 1409 946 quidem
1424 910 1497 937 inco—

306 959 382 994 gnito
395 958 510 994 (Herm.
523 959 541 986 l.
555 968 577 986 c.
591 959 613 994 ἓ.
628 961 662 986 72
676 958 738 987 adn.
753 959 799 993 27)
815 958 1018 994 intelligendum
1036 958 1167 986 videatur.
1205 959 1376 996 Quamquam
1392 962 1420 986 et
1436 959 1497 994 ipsa

307 1007 437 1036 vocabula
463 1007 595 1046 σταυρός,
621 1004 832 1046 α’νασταυροῦν,
853 1005 1069 1045 ἆνασταύρωσις
1087 1010 1146 1035 tam
1163 1008 1218 1036 late
1240 1010 1346 1044 patere,
1364 1011 1395 1036 ut
1419 1008 1497 1035 varia

307 1057 501 1093 suppliciorum
513 1067 615 1094 genera
628 1058 852 1094 complectantur,
865 1058 1036 1094 maximeque
1048 1057 1122 1093 apud
1130 1057 1248 1086 Judaeos
1261 1057 1294 1085 de
1303 1058 1397 1086 fiircae
1406 1058 1496 1094 potius

306 1117 387 1144 quam
401 1107 434 1135 de
448 1108 537 1135 crucis
549 1116 640 1144 poena
654 1108 815 1143 accipienda
827 1107 920 1141 videri,
934 1110 1030 1135 contra
1043 1107 1164 1143 Lipsium
1177 1107 1300 1144 disputat
1317 1108 1378 1136 Cas
1384 1108 1496 1136 aubon.

306 1159 415 1186 exercit.
429 1158 457 1185 in
470 1158 569 1186 Baton.
583 1157 654 1185 XVI.
672 1160 705 1185 77
720 1159 756 1193 (p.
771 1160 823 1185 537
837 1166 894 1194 sqq.
908 1157 948 1185 ed.
963 1157 1062 1185 Genev.
1078 1158 1160 1193 1644)
1174 1157 1206 1185 cl.
1222 1161 1244 1185 1.
1259 1161 1274 1185 7
1287 1167 1313 1193 p.
1327 1161 1362 1186 46
1376 1167 1416 1194 sq.

379 1210 433 1244 Gap.
453 1210 530 1236 ssVl.
550 1208 573 1243 ξ.
590 1210 612 1235 l.
650 1209 711 1240 τοῖς
731 1207 764 1235 δὲ
783 1208 925 1244 χρονικοῖς
944 1207 1024 1235 δοκεῖ
1039 1206 1151 1241 μᾶλλον
1164 1204 1179 1234 ὁ
1197 1206 1374 1245 Θουκυδίδης
1387 1207 1498 1246 συμφέ-

308 1260 428 1297 ρεσθαι,
454 1255 560 1295 καίπερ
587 1253 648 1285 οὐδ’
677 1253 775 1289 αὐτοῖς
800 1253 911 1294 ἀτρέμα
940 1257 1183 1293 συνταττομένοις.
1228 1257 1271 1285 Λᾶ
1290 1258 1358 1285 haec
1375 1257 1466 1285 Sinte
1472 1267 1496 1284 11.

308 1308 360 1344 (ed.
374 1307 499 1342 Weidm.)
512 1307 666 1334 adnotavit:
689 1307 768 1339 „Der
787 1307 854 1334 Sim:
873 1316 954 1338 mun,
973 1307 1020 1333 wie
1033 1316 1059 1335 ee
1071 1306 1177 1339 achtine,
1192 1307 1276 1334 dieser
1294 1308 1366 1334 sein.-
1386 1307 1428 1334 die
1441 1308 1497 1334 An-

307 1359 374 1394 qabe
393 1358 438 1384 des
459 1357 622 1392 Thucydides
642 1358 747 1384 stimmt
767 1357 851 1383 hemer
869 1357 919 1383 mit
939 1356 987 1383 der
1009 1355 1193 1393 Chronoloyie,
1213 1356 1329 1393 obqleich
1342 1357 1408 1384 auch
1427 1356 1497 1384 dim

306 1408 378 1435 nicht
397 1406 562 1442 vollstandiy
580 1407 666 1434 eiclzer
684 1409 729 1434 iet.
769 1406 895 1433 Inde-seen
908 1407 943 1432 ist
962 1406 1009 1432 der
1032 1405 1171 1433 Gelu-auch
1190 1415 1240 1433 von
1257 1402 1368 1442 ἀτρέμα
1387 1406 1497 1433 bedenk-

306 1457 358 1483 [ioh
377 1456 432 1483 und
451 1456 500 1482 dae
521 1455 650 1483 Praesens
671 1455 906 1489 συνταττομένοις
915 1454 1095 1490 auffallend.“
1124 1454 1213 1486 Quum
1224 1455 1308 1490 igitur
1320 1455 1348 1482 in
1360 1455 1497 1490 praesenti

305 1508 428 1541 tempore
440 1504 515 1532 verbi
528 1503 765 1539 συνταττομένοις
784 1504 928 1532 offenderit
939 1504 981 1531 vir
993 1503 1173 1538 doctissimus,
1186 1505 1278 1533 nescio
1291 1504 1427 1542 equidem,
1448 1513 1498 1532 cur

306 1555 439 1591 spreverit
452 1554 477 1581 h.
490 1554 507 1581 l.
522 1554 718 1582 auctoritatem
731 1554 832 1582 codicis
845 1555 893 1588 Fa,
905 1553 972 1582 iuud
984 1554 1073 1589 ipsum
1085 1554 1159 1590 quod
1171 1555 1336 1591 requirebat,
1348 1563 1498 1590 συντεταγ-

305 1605 403 1640 μένοις
422 1604 629 1640 suppeditantis.
657 1604 789 1632 Voculam
802 1602 913 1642 ἀτρέμα
926 1606 1019 1632 autem
1031 1603 1172 1632 fatendum
1184 1613 1250 1632 sane
1263 1607 1305 1632 est
1317 1604 1345 1632 in
1357 1603 1498 1632 Plutarchi

308 1655 418 1694 quidem
430 1655 493 1682 vitis
506 1663 590 1691 quum
604 1663 743 1690 persaepe
753 1655 862 1690 legatur
874 1663 956 1682 sensu
969 1654 1082 1690 vulgari,
1095 1654 1139 1681 vix
1151 1663 1264 1691 usquam
1277 1655 1315 1682 sic
1327 1655 1446 1690 positam
1457 1662 1499 1681 re-

305 1706 397 1742 periri,
410 1708 441 1733 ut
454 1705 491 1732 sit
503 1704 668 1737 firmiter,
693 1706 859 1732 accurate.
898 1703 968 1731 Nam
980 1703 1053 1740 quod
1065 1703 1291 1739 Wyttenbach.
1305 1704 1345 1740 (in
1358 1704 1415 1732 Ind.
1429 1713 1450 1731 s.
1462 1692 1498 1731 v.)

304 1756 385 1783 huius
398 1754 604 1790 significationis
619 1753 775 1789 exemplum
788 1753 881 1781 attulit
898 1762 932 1781 ex
945 1762 977 1781 eo
990 1752 1050 1780 loco
1067 1753 1114 1789 qui
1132 1755 1174 1780 est
1191 1752 1263 1780 infra
1282 1762 1304 1780 c.
1319 1756 1369 1781 29:
1387 1750 1498 1791 ἀτρέμα

305 1802 442 1837 στονάξας
461 1800 555 1837 εἶπεν,
575 1803 604 1831 id
623 1802 736 1839 quidem
753 1802 872 1829 alienum
891 1805 945 1835 est,
966 1802 1098 1838 siquidem
1115 1803 1166 1830 hoc
1182 1810 1289 1839 quoque
1305 1802 1365 1830 loco
1385 1803 1419 1830 de
1432 1811 1496 1830 voce

305 1853 441 1882 submissa
453 1852 507 1880 dici
519 1855 642 1888 apparet.
663 1852 717 1880 Sed
729 1854 804 1879 recte
818 1851 946 1879 Sinten.
960 1852 1023 1879 olim
1037 1853 1076 1888 (in
1088 1852 1149 1879 mai.
1163 1851 1203 1879 ed.
1217 1852 1321 1887 Them.)
1335 1852 1497 1885 observavit,

305 1912 364 1930 eam
376 1904 465 1938 ipsam
478 1902 511 1929 de
524 1911 579 1939 qua
591 1901 750 1938 quaerimus
764 1900 875 1929 voculae
888 1901 941 1928 vim
954 1905 1100 1937 propterea
1109 1901 1181 1938 quod
1194 1910 1212 1929 a
1221 1901 1333 1937 propria
1347 1902 1404 1929 eius
1418 1901 1498 1936 sig-ni-

306 1953 431 1980 ficatione
444 1961 499 1980 non
512 1952 670 1985 abhorreat,
687 1960 742 1979 non
754 1959 867 1986 prorsus
880 1950 1062 1979 damnandam
1073 1951 1165 1979 videri.

378 2004 431 2038 (lap.
445 2004 514 2031 ΧΧΙΧ,
535 2003 558 2038 ξ.
574 2004 595 2030 1.
610 1998 691 2036 ιἈμα
704 1998 730 2029 δ’
748 1998 842 2038 ἡμέρᾳ
861 2001 1035 2037 συγκαλέσας
1053 2001 1120 2034 τούς
1133 1999 1236 2039 φίλους
1250 1998 1398 2036 εἰσήγαγεν
1411 1997 1498 2028 αὐτὸν
