1668 2480
798 350 829 375 17

218 419 308 458 μηδὲν
332 418 485 454 ἐλπίζοντα
504 418 628 457 χρηστὸν
649 419 683 453 ἐξ
705 414 746 449 ὧν
770 417 848 458 ἑώρα
872 418 940 453 τοὺς
961 418 1013 448 ἐπὶ
1038 419 1160 457 θύραις,
1185 418 1226 453 οἷς
1255 419 1400 450 ἐπύθοντο

219 465 345 505 τοῦνομα
363 467 508 506 παρόντος
525 464 622 503 αὖιοῦ,
638 469 774 504 χαλεπῶς
790 469 993 505 διακειμένους.
1031 469 1153 498 Sinten.
1169 468 1304 505 probante
1320 470 1400 498 Bek-

219 519 296 548 kero
309 528 325 547 e
337 518 402 547 Cod.
416 518 457 547 Fa
469 517 554 547 edidit
565 515 683 557 eloffyev.
720 519 777 548 Nec
788 519 943 556 negaverim
951 519 1142 556 Imperfectum
1152 521 1228 547 recte
1239 519 1304 555 poni
1315 519 1349 548 de
1361 529 1399 554 re,

219 577 288 605 quae
305 568 441 605 quomodo
458 568 604 602 acciderit,
623 569 797 605 sequentibus
815 568 924 597 demum
939 568 1030 597 verbis
1046 569 1198 604 exponam.
1248 568 1304 597 Sed
1318 577 1400 606 quum

219 617 290 645 idem
306 617 392 646 codex
403 619 515 653 praeter
528 614 639 654 εἰσῆγεν
656 618 813 655 suppeditet
830 618 915 646 etiam
936 614 1019 646 οὐδέν
1036 626 1087 654 pro
1099 617 1210 654 vulgum
1226 617 1330 655 μηδέν,
1352 621 1400 646 aut

219 669 363 703 utrumque
374 668 423 694 aut
434 669 562 695 neutrum
574 668 758 704 recipiendum
769 667 852 696 fuisse
864 667 998 695 existimo.
1036 666 1164 695 Ceterum
1175 666 1213 695 ad
1223 667 1306 695 verba
1316 665 1350 701 ἕξ
1359 662 1400 696 ὧν

220 712 298 753 ἑώρα
311 716 429 744 Sinten.
442 716 581 744 observat:
600 718 772 754 „iiqentliohs
790 718 857 746 nacla
876 718 944 750 dom,
962 728 1017 745 was
1035 727 1063 744 er
1080 717 1136 749 mh,
1154 717 1271 744 nand-'da
1289 718 1350 745 dau
1362 733 1398 739 -—

220 766 291 792 einer
313 764 487 793 coniunctiora
505 763 574 802 (ὅτι)
592 768 772 804 sinnyleickffl
791 767 900 795 Scilicet
911 769 943 794 ut
954 762 1021 794 ἀνθ’
1040 776 1081 794 ων
1092 766 1251 801 saepissime
1263 766 1326 801 poni
1338 775 1399 794 con—

219 816 277 842 stat
297 823 347 850 pro
370 811 433 842 ἀντὶ
451 814 559 844 τούτων
581 814 706 852 (τούτου)
725 814 784 850 ὅτι,
803 816 928 845 similiter
941 816 1025 844 etiam
1045 814 1078 849 ἐξ
1095 826 1136 843 ων
1154 815 1292 843 interdum
1306 825 1355 852 pro
1368 815 1398 844 ἐκ

220 861 327 892 τούτων
346 862 392 892 ὅτι
410 865 517 899 dicitur,
530 875 553 893 v.
567 866 665 902 Kriig.
678 875 790 902 gramm.
803 876 842 903 gr.
855 867 878 903 §.
892 869 934 894 51.
943 869 991 900 -10,
1004 869 1028 893 4.

292 913 359 941 Ibid
372 914 395 949 ξ.
409 917 433 941 4.
468 910 502 942 Ὠ
520 915 632 950 παῖδες,
652 911 906 951 ἀπωλόμεθα*
885 926 934 948 αν,
954 913 984 943 εἰ
1000 913 1045 952 μὴ
1064 911 1287 949 ἀπωλόμεθα.
1323 914 1398 943 Haec

220 971 273 990 non
285 972 340 991 uno
352 963 433 991 modo
448 964 563 1000 intelligi
584 968 706 1000 possunt
743 965 799 992 Aut
814 965 887 992 enim
904 965 1012 1000 gavisus
1030 964 1167 1003 praesenti
1183 963 1311 991 felicitate
1332 964 1399 992 The-

219 1012 356 1040 mistocles
368 1013 421 1046 ait,
427 1013 595 1049 pereundum
607 1014 637 1041 h..
643 1023 665 1042 e.
678 1014 815 1050 praesenti
827 1014 956 1042 felicitate
969 1013 1020 1042 sibi
1032 1014 1142 1050 suisque
1150 1012 1298 1044 carendum
1308 1013 1398 1046 fuisse,

219 1062 271 1088 nisi
283 1062 338 1089 iam
349 1062 493 1098 periissent
505 1063 531 1090 h.
544 1072 566 1091 e.
579 1072 595 1090 e
606 1064 698 1098 patria
710 1064 789 1091 eiecti
806 1066 903 1091 essent.
940 1063 996 1091 Aut
1011 1065 1168 1099 contempta
1184 1062 1329 1091 barbarica
1343 1063 1397 1096 illa,

220 1120 274 1147 qua
285 1121 356 1140 nunc
369 1112 505 1146 utebatur,
518 1112 627 1141 luxuria
639 1113 691 1141 hoc
702 1113 777 1147 dicit,
791 1123 820 1141 se
833 1121 949 1150 suosque
962 1122 1034 1141 nunc
1048 1113 1157 1141 luxuria
1174 1113 1316 1150 servilique
1328 1114 1397 1142 vitae

220 1161 294 1188 cultu
306 1162 443 1202 perituros
462 1162 545 1190 fuisse
552 1184 559 1196 ‚
577 1163 630 1190 nisi
647 1163 702 1191 iam
714 1163 778 1191 olim
793 1163 939 1199 periissent
957 1164 1060 1191 amissa
1079 1163 1176 1198 patn'a
1218 1163 1398 1191 Posteriorem

220 1211 366 1246 rationem,
385 1214 490 1248 utpote-
501 1212 680 1241 Themistocle
692 1212 843 1249 digniorem
850 1235 856 1247 ‚
878 1216 941 1249 post
961 1212 1154 1241 Bredovium
1174 1212 1297 1249 aliosque
1318 1213 1397 1241 etiam

221 1261 420 1289 Sintenisius
436 1262 597 1297 praetulisse
615 1262 733 1296 videtur,
749 1271 833 1299 quum
851 1263 983 1291 scriberet
991 1262 1044 1298 (ed.
1054 1262 1194 1298 Weidm.):
1207 1263 1336 1295 stolam,
1348 1263 1397 1290 den

225 1311 409 1338 Themistoclea
421 1311 543 1338 ehrendee
560 1311 730 1347 quoron!
738 1315 754 1327 ‘·
774 1311 828 1339 Sed
840 1311 967 1341 dissentit
980 1315 1071 1340 tamen
1083 1311 1247 1339 Plutarchus
1265 1311 1335 1347 ipse,
1353 1312 1398 1347 qui

221 1368 304 1395 quum
312 1359 384 1387 idem
394 1360 582 1388 Themistoclis
594 1360 696 1390 dictum
709 1361 793 1390 etiam
803 1361 892 1390 tribus
903 1361 965 1390 aliis
981 1361 1048 1391 locis
1058 1361 1397 1397 commemmetmpophtu

221 1418 247 1443 p.
256 1411 306 1436 185
313 1409 343 1436 F.
349 1409 383 1436 de
388 1409 451 1437 fort.
456 1409 532 1437 Alex.
538 1419 565 1445 p.
570 1410 649 1438 385F
659 1412 688 1437 et
699 1410 1030 1446 deexinsso2A)‚p1-imo
1040 1411 1150 1447 quidem
1159 1410 1219 1438 loco
1229 1410 1350 1438 similiter
1357 1413 1398 1438 st-

222 1467 274 1495 que
286 1458 338 1486 hoc
347 1461 442 1486 nostro
452 1461 526 1489 certe
538 1458 590 1487 hoc
602 1468 686 1487 unum
698 1459 841 1496 significat,
853 1468 978 1498 caussam
990 1460 1057 1489 dicti
1068 1468 1123 1488 non
1134 1460 1163 1487 in
1174 1459 1229 1487 alia
1241 1468 1271 1487 re
1282 1460 1395 1496 pom'tam

221 1508 363 1549 fuissenisi
369 1508 503 1537 indivitiis
512 1509 715 1547 honoribusque
727 1509 816 1538 subito
828 1510 858 1538 in
868 1510 958 1546 ipsum
962 1510 1105 1546 congestis,
1118 1512 1148 1538 at
1159 1508 1244 1537 multo
1253 1510 1335 1538 efiam
1343 1510 1396 1538 cla-

222 1559 287 1592 rius,
296 1558 431 1595 quomodo
442 1559 525 1591 verba
535 1558 652 1596 intelligi
663 1558 737 1592 velit,
743 1558 831 1587 altero
840 1562 869 1587 et
888 1559 972 1587 tertio
980 1559 1040 1588 loco
1050 1559 1185 1595 explanat
1203 1558 1272 1587 Nam
1280 1559 1397 1587 secundo

222 1608 282 1636 loco
294 1617 378 1645 quum
389 1608 611 1643 demonstrasset,
624 1618 719 1638 eorum
730 1608 904 1645 populorum,
917 1617 985 1646 quos
1003 1608 1055 1637 sibi
1070 1609 1230 1638 subiecisset
1246 1608 1397 1637 Alexander

221 1659 344 1694 Magnus,
357 1658 442 1686 multo
454 1659 585 1687 maiorem
600 1658 759 1687 felicitatem
773 1658 871 1692 fuisse,
887 1667 970 1695 quam
985 1659 1106 1692 illorum,
1121 1659 1170 1695 qui
1186 1659 1244 1686 eius
1258 1659 1398 1694 imperium

222 1707 386 1743 effugissent,
399 1709 454 1735 iam
465 1707 528 1735 inde
541 1707 650 1744 colligit,
661 1707 889 1744 quemadmodum
906 1708 1099 1736 Themistocles
1115 1708 1181 1736 olim
1197 1708 1324 1742 dixisset,
1339 1717 1398 1744 per-

203 1773 211 1778 *
222 1757 339 1786 eundum
351 1758 403 1786 sibi
414 1757 506 1791 fuisse,
518 1757 571 1785 nisi
581 1757 715 1793 periisset,
727 1757 852 1785 similiter
869 1758 954 1786 etiam
968 1757 1082 1793 populos
1094 1757 1248 1785 Alexandro
1265 1757 1398 1785 subiectos

222 1807 312 1835 dicere
323 1808 457 1843 potuisse,
474 1815 504 1834 se
516 1806 649 1835 barbaros
661 1809 691 1834 et
709 1807 826 1835 innume
844 1816 987 1836 mansuros
1005 1799 1099 1841 fuisse}
1121 1807 1175 1835 nisi
1195 1807 1230 1835 ab
1246 1807 1398 1835 Almam

223 1856 329 1884 subacti
341 1859 439 1884 essent.
476 1856 519 1884 Ex
530 1864 586 1893 quo
597 1858 721 1892 apparet,
730 1865 746 1884 e
757 1856 899 1885 Plutarchi
915 1856 1023 1894 quidem
1040 1857 1175 1884 sententia
1191 1857 1399 1885 Themistoclem

224 1914 332 1941 quoque
343 1905 410 1933 nihil
421 1905 497 1937 aliud
508 1905 599 1934 dicere
610 1905 728 1934 voluisse
739 1906 792 1934 nisi
804 1906 864 1940 hoc,
876 1907 1058 1942 posteriorem
1072 1906 1231 1934 felicitatem
1244 1906 1400 1942 contingere

224 1954 276 1982 sibi
287 1960 345 1983 non‘
354 1955 476 1991 potuisse
492 1956 545 1983 nisi
565 1957 647 1983 antea
667 1963 795 1991 magnum
817 1955 921 1984 malum
939 1964 1082 1992 perpesso,
1103 1955 1130 1983 h.
1142 1964 1166 1983 e.
1179 1965 1194 1984 e
1206 1956 1296 1992 patria
1306 1956 1400 1984 eiecto.

226 2004 317 2033 Tertio
330 2008 423 2033 autem
433 2005 494 2034 loco
506 1996 670 2033 Plutarchus
680 2005 711 2033 id
730 2005 821 2041 ipsum
841 2006 909 2041 agit,
930 2007 962 2033 ut
982 2005 1091 2033 exilium
1107 2014 1162 2033 nou
1182 2005 1305 2033 omnibus
1318 2006 1401 2033 exitio

1210 2057 1223 2077 3
