1668 2480
777 301 840 327 ,21

227 382 296 402 cum
312 373 407 401 liberis
428 372 593 400 submissam
614 373 674 400 esse
694 372 819 400 nmsvit
830 381 914 408 supra
930 382 953 400 c.
972 375 1015 406 24,
1033 375 1145 401 auctore
1162 373 1340 402 Stesimbroto
1356 375 1413 410 (cui

232 427 325 451 tamen
335 421 464 459 scriptori
476 430 506 448 se
517 429 615 456 parum
626 420 691 448 fidoi
701 418 803 451 hebere
816 421 969 457 significat),
981 431 1075 449 verum
1088 422 1182 456 etiam,
1194 422 1229 450 de
1240 431 1295 459 quo
1306 422 1412 451 dubita—

232 472 282 499 bat
294 471 498 503 Sintenisius,
509 478 597 505 usque
608 469 733 497 inAsiam
743 470 857 498 eundem
869 473 991 498 secutam
1002 471 1204 507 novaequeeius
1210 471 1346 499 felicitatis
1352 481 1412 507 pur-

232 521 343 558 ticipem
355 519 457 549 factam
469 527 530 548 esse
542 518 629 547 tradit
639 519 699 556 ipse
710 518 746 548 de
757 520 818 549 exil.
830 529 857 557 p.
872 522 924 549 602
936 520 969 554 Δ,
981 529 1036 558 quo
1052 520 1112 549 loco
1130 520 1325 549 Themistocles
1345 521 1412 549 cele-

231 571 418 599 bratissimum
430 569 498 597 illud
511 566 694 607 ἀπωλόμεθα
713 568 749 599 ἂν
764 568 790 599 εἶ
804 570 844 608 μὴ
863 568 1056 608 ἀπωλόμεθα,
1074 580 1129 599 non
1141 570 1229 599 solum
1240 571 1346 605 liberis,
1365 572 1412 599 sed

233 620 315 647 etiem
327 620 420 647 uxori
431 619 533 646 dixisse
545 619 641 653 fem,
653 629 737 657 quam
748 629 862 649 uxorem
873 629 908 647 ne
920 620 981 656 quis
1002 619 1148 647 secundm
1166 620 1241 647 illam
1259 629 1277 648 s
1288 629 1353 656 rege
1365 620 1413 648 da-

232 672 290 697 tam
302 668 416 705 intelligi
428 670 518 705 putet,
530 668 591 705 ipss,
602 671 677 698 vetat
687 670 839 698 sententiae
857 669 936 697 ratio.
972 669 1033 697 Hoc
1048 669 1134 714 igitur
1148 669 1209 697 loco
1227 669 1251 697 si
1268 679 1334 697 vers
1351 669 1413 698 Plu-

232 718 344 747 tarchus
356 718 457 752 retulit,
469 718 567 747 exinde
578 719 793 754 Themistoclem,
810 720 834 748 si
851 729 934 757 quam
950 728 1049 747 novam
1067 729 1181 748 uxorem
1199 719 1322 753 duxerit,
1339 723 1412 747 certe

232 770 356 795 extrema
368 767 476 795 demum
487 768 558 796 vitae
570 772 649 804 parte
662 769 761 797 ducere
773 769 894 804 potuisse
906 768 1020 804 ideoque
1032 769 1115 796 etism
1127 768 1240 802 liberos,
1260 769 1284 796 si
1296 777 1365 804 quos
1379 777 1412 795 ex

231 815 279 844 ills.
291 817 450 851 susceperit,
463 810 661 845 omnium'natu
673 818 797 846 minimos
809 818 893 845 fuisse
905 817 1090 861 consequitur.⁴
1105 817 1189 853 Atqui
1197 817 1411 853 Mnesiptolema.

231 875 313 903 quam
325 875 407 894 unam
420 866 583 909 Plutarchus
596 866 627 896 ἐκ
645 868 696 905 τῆς
711 865 942 907 ἐπιγαμηθείσης
954 869 1047 895 natam
1059 870 1265 902 commemorat,
1278 876 1333 895 non
1345 870 1411 895 natu
1430 874 1432 876 ’

231 916 341 944 minima
348 916 436 952 (hanc
449 916 521 943 euim
532 916 626 944 Asiam
634 916 718 945 fuisse
727 916 891 944 Plutarchus
904 917 1040 949 testatur),
1050 916 1099 943 sed
1107 918 1156 944 aut
1165 917 1285 944 omnium
1293 916 1412 944 filiarum

231 968 298 994 natu
310 966 430 1003 maxima
442 967 492 993 sut
504 974 559 994 una
571 965 606 994 de
617 966 765 995 maioribus
777 966 835 994 fuit.
855 966 924 994 Nam
938 968 966 993 et
977 966 1064 1002 primo
1077 966 1169 993 statim
1181 965 1241 994 loco
1254 966 1411 995 collocatm.

231 1015 426 1055 et-Archeptoli
440 1015 529 1049 fratri,
541 1016 589 1052 qui
600 1016 659 1052 ipse
671 1025 778 1053 quoque
790 1016 893 1052 primus
907 1019 967 1043 erat
981 1016 1053 1043 inter
1069 1015 1140 1043 filios
1156 1016 1229 1051 patri
1242 1017 1411 1052 superstites,

230 1065 354 1101 nupsisse
367 1064 479 1098 dicitur,
493 1067 521 1092 et
533 1074 596 1093 vero
608 1066 691 1093 etiam
709 1067 814 1102 pariter
829 1068 911 1102 atque
929 1064 1009 1092 Italia
1027 1067 1054 1092 et
1073 1065 1183 1101 Sybaris
1200 1066 1347 1101 superstite
1365 1066 1412 1093 ad-

229 1116 282 1143 huc
294 1118 372 1152 patre
384 1116 509 1152 nupsisse
522 1116 636 1150 videtur,
649 1116 867 1154 quandoquidem
878 1124 949 1153 quae
961 1118 1060 1153 quarto
1073 1115 1182 1143 demum
1194 1115 1255 1144 loco
1267 1116 1357 1152 posita
1369 1119 1411 1144 est

194 1172 196 1177 ’
229 1165 392 1193 Nicomache
403 1168 467 1200 post
478 1166 564 1201 patris
577 1166 680 1193 obitum
689 1175 707 1193 a
719 1167 850 1194 stati-ibus
859 1165 993 1193 Phrasicli
1005 1167 1119 1200 nuptum
1128 1165 1195 1193 dats.
1204 1174 1264 1193 esse
1273 1168 1410 1193 narratur.

229 1214 317 1251 Atque
330 1214 425 1242 eadem
437 1214 555 1243 fortasse
568 1224 667 1244 caussa
679 1215 738 1249 fuit,
756 1224 803 1243 cur
814 1214 904 1243 Mater
925 1214 1038 1242 deorum
1049 1213 1284 1251 Mnesiptolemsm
1303 1215 1410 1251 potissi-

229 1274 302 1292 mum
315 1265 484 1292 sacerdotem
496 1265 548 1293 sibi
560 1265 618 1293 fleri
630 1269 755 1301 posceret
768 1267 801 1301 (c.
816 1267 868 1300 30⁴)
907 1265 982 1298 Quae
994 1274 1077 1301 quum
1089 1265 1130 1293 ita
1151 1265 1219 1298 sint,
1239 1274 1254 1293 e
1271 1265 1410 1293 Plutarchi

228 1313 337 1350 quidem
350 1314 486 1341 sententia
498 1312 549 1350 τὴν
566 1313 797 1353 ἐπιγαμηθεῖσαν
809 1324 863 1341 non
876 1314 1022 1341 secundam
1034 1323 1155 1347 uxorem,
1167 1323 1251 1350 quam
1262 1314 1410 1341 Themisto-

228 1363 283 1392 cles
295 1366 405 1392 mortua
418 1364 525 1392 demum
538 1364 677 1402 Archippa
688 1365 716 1392 in
732 1364 799 1392 Asis
811 1363 932 1397 duxerit,
954 1363 1003 1391 sed
1024 1363 1147 1399 pellicem
1169 1363 1288 1401 aliquam
1300 1367 1410 1400 praeter

228 1415 392 1450 Archippum
405 1416 473 1443 satis
486 1418 594 1442 maturo
606 1417 729 1449 tempore
742 1417 817 1451 (post
833 1418 913 1442 natos
929 1413 1000 1441 filios
1018 1417 1109 1443 aetate
1126 1416 1271 1450 maximos)
1289 1424 1409 1450 assump-

227 1466 283 1491 tam
294 1464 410 1500 intelligi
421 1473 503 1500 posse
516 1466 637 1500 apparet.
675 1464 732 1491 Nec
749 1466 841 1491 tamen
858 1463 1013 1496 dissimulo,
1031 1464 1097 1491 mihi
1118 1464 1171 1499 ipsi
1192 1464 1244 1491 hac
1264 1464 1293 1491 in
1306 1473 1335 1491 re
1348 1464 1408 1491 Plu-

226 1514 315 1542 tarchi
326 1514 407 1542 fidem
419 1514 619 1552 quodammodo
629 1516 784 1551 suspectam
792 1513 885 1546 videri,
894 1516 952 1541 tum
961 1516 1074 1550 propter
1083 1514 1215 1542 disertum
1224 1514 1408 1542 testimonium

226 1563 347 1598 Diodori,
360 1565 407 1601 qui
420 1566 525 1593 etiamsi
539 1567 567 1592 et
584 1565 642 1600 ipse
660 1564 782 1600 pellicem
803 1564 968 1592 intellexisse
983 1566 1218 1606 putatum—tamen
1235 1564 1269 1591 de
1287 1566 1408 1599 temporo

226 1621 288 1640 cum
299 1613 449 1643 Plutarcho
471 1614 605 1647 dissentit,
623 1616 682 1641 tum
704 1614 820 1655 manime
845 1616 990 1649 propterea
1010 1613 1083 1650 quod
1105 1622 1176 1650 quae
1188 1614 1222 1641 de
1235 1613 1298 1641 exil.
1310 1613 1327 1640 l.
1340 1622 1362 1640 c.
1375 1613 1408 1647 {lc

225 1671 310 1690 uxore
323 1664 512 1692 Themistoclis
525 1663 681 1696 traduntur‚·
693 1672 725 1690 eo
737 1662 870 1690 infirmari
882 1663 1080 1700 quodammodo
1099 1663 1237 1696 videntur,
1255 1662 1328 1699 quod
1346 1662 1408 1690 Plu-

224 1712 337 1740 tarchus
350 1722 433 1750 quum
446 1716 565 1750 quatuor
577 1713 686 1741 omnino
699 1712 766 1740 locis
775 1712 877 1740 dictum
888 1712 956 1740 illud
964 1712 1221 1746 commemoraverit,
1234 1721 1288 1740 uno
1301 1714 1407 1740 tantum

226 1761 286 1790 loco
299 1771 385 1800 eoque
398 1763 456 1796 tali,
468 1754 589 1801 quo'non
601 1762 773 1796 historicum,
786 1761 834 1790 sed
851 1761 1040 1799 philosophum
1057 1764 1164 1798 ageret,
1186 1762 1280 1790 uxoris
1296 1761 1408 1789 mentio-

224 1820 286 1839 nem
298 1799 397 1841 iniecit
435 1813 618 1847 Quamobrem
634 1813 721 1840 satius
739 1812 820 1845 duco,
839 1821 897 1840 rem
915 1821 963 1848 per
983 1821 1012 1839 se
1031 1811 1121 1847 paullo
1140 1812 1324 1840 obscuriorem
1337 1821 1407 1839 nunc

224 1860 333 1896 quidem
344 1862 373 1890 in
385 1863 474 1891 medio
485 1863 646 1899 relinquere.

295 1948 370 1977 Haec
383 1951 475 1978 omnia
487 1960 571 1986 quum
583 1951 638 1979 ism
649 1950 721 1987 typis
734 1950 872 1986 exscripta
880 1952 979 1982 essent,
991 1949 1027 1977 ad
1036 1958 1078 1977 me
1088 1949 1202 1977 allatum
1211 1951 1255 1976 est
1264 1948 1407 1976 Plutarchi
