1668 2480
490 447 811 491 ILLUSTRIS
837 448 1161 491 RUTHENEI

323 531 599 572 DIRECTORI:
610 532 986 568 PROFESSORIBUS
1006 532 1064 567 ET
1083 530 1338 567 MAGISTRIS

789 593 813 618 s.
833 593 864 618 D.

521 654 642 687 GAROL.
664 654 807 687 HENRIC.
830 654 958 690 ADELB.
982 653 1133 690 LIPSIUS.

328 789 510 829 Quamquam
535 792 593 820 iam
620 799 676 820 sex
700 794 729 820 et
751 792 857 829 viginti
880 792 950 820 anni
970 791 1192 830 praeterierunt
1221 789 1263 819 ab.
1282 799 1318 820 eo
1342 794 1417 820 tem-

237 842 323 874 pore,
346 842 403 873 quo
418 833 548 874 Lipsiam
564 834 644 864 unde
667 842 810 864 veneram
834 838 995 864 revocatus
1019 843 1059 864 ex
1079 833 1264 874 amplissimo
1289 833 1417 873 collegio

238 877 377 908 Vestro
402 882 431 908 et
454 877 527 908 urbe
550 878 691 909 Vestra
713 877 909 908 dilectissima
933 878 1073 919 discessi,
1097 882 1197 908 tamen
1214 879 1299 918 viget
1323 877 1418 908 adbuc

238 926 419 962 semperque
447 921 561 962 vigebit
589 923 620 952 in
650 923 749 952 animo
782 931 848 952 meo
878 923 1049 961 gratissima
1087 921 1220 952 Vestri
1250 923 1415 952 amicitiae-

238 974 294 1005 que
324 965 489 995 Vestrae
520 967 674 996 memoria.
725 965 799 996 Nam
828 975 920 1006 quum
959 968 1090 1005 quinque
1128 966 1193 996 fere
1229 967 1316 996 annis
1349 970 1418 995 ante

237 1018 419 1040 summorum
448 1011 600 1050 virorum,
623 1009 730 1049 quibus
763 1014 824 1040 tum
861 1009 1007 1040 Ruthenei
1046 1019 1118 1040 cura
1158 1011 1318 1040 commissa
1343 1014 1418 1050 erat,

238 1055 323 1083 iussu
349 1057 378 1083 et
408 1055 586 1084 auctoritate
615 1055 645 1083 in
676 1054 880 1095 honestissimi
910 1055 1043 1084 muneris
1075 1054 1212 1084 Vestri
1242 1055 1416 1084 societatem

237 1097 383 1128 adductus
408 1107 520 1138 essem,
542 1097 617 1128 Vos
641 1107 699 1139 me,
720 1098 868 1128 hominem
892 1099 1084 1139 peregrinum
1108 1102 1139 1128 et
1162 1097 1319 1128 admodum
1343 1097 1417 1128 ado-

238 1142 420 1182 lescentem,
450 1146 530 1172 tanta
561 1142 742 1173 humanitate
773 1146 802 1172 et
831 1141 1043 1173 benevolentia
1077 1144 1260 1183 excepistis,
1289 1147 1319 1172 et
1348 1142 1415 1172 dum

235 1185 313 1225 apud
339 1185 413 1215 Vos
437 1185 492 1225 fui,
515 1190 575 1215 tam
598 1187 689 1216 arctis
712 1190 832 1225 tamque
855 1186 991 1216 iucundis
1019 1185 1113 1216 officii
1138 1190 1167 1216 et
1203 1187 1315 1216 amoris
1348 1187 1415 1216 vin-

237 1229 313 1260 culis
337 1228 512 1260 obstrictum
536 1231 685 1271 tenuistis,
708 1234 820 1268 utnon
845 1231 992 1271 potuerim
1022 1231 1081 1260 nisi
1104 1231 1272 1270 aegerrime
1295 1239 1312 1259 a
1335 1228 1414 1260 Vo-

172 1310 177 1315 ,
237 1273 296 1304 bis
322 1274 477 1304 discedere
509 1278 598 1314 atque
630 1276 799 1305 etiamnunc
832 1283 907 1315 quos
933 1273 1127 1305 Vobiscum
1155 1275 1289 1314 transegi
1319 1283 1414 1304 annos

235 1319 265 1347 in
296 1317 521 1349 iucundissimis
559 1327 634 1358 quos
668 1328 797 1359 unquam
832 1319 963 1349 vixerim
999 1318 1116 1348 referre
1150 1318 1276 1349 soleam.
1329 1318 1413 1355 Quod

237 1362 354 1402 quidem
383 1361 561 1393 beneficium
592 1372 681 1403 quum
709 1362 830 1393 Vobis
855 1362 1009 1403 omnibus,
1038 1366 1183 1403 quotquot
1213 1372 1272 1393 una
1301 1371 1413 1392 mecum

235 1406 362 1435 docendi
386 1416 510 1436 munere
534 1406 748 1447 fungebamini,
771 1408 968 1437 communiter
984 1411 1137 1447 acceptum
1155 1406 1297 1445 referam,
1316 1410 1413 1436 tamen

236 1449 338 1478 facere
355 1458 416 1479 non
430 1459 565 1491 possum,
588 1452 659 1490 quin
672 1459 763 1482 unum
784 1460 801 1480 e
824 1450 961 1489 Vobis,
984 1452 1055 1489 quin
1079 1450 1145 1490 Te,
1168 1452 1207 1480 mi
1230 1450 1413 1489 Herzogi,

237 1494 287 1532 qui
310 1497 381 1523 tunc
408 1495 576 1533 proximum
606 1498 675 1524 ante
698 1503 746 1524 me
774 1494 872 1524 locum
897 1493 1040 1534 tenebas,
1069 1503 1148 1524 nunc
1174 1498 1413 1524 autem'summa

236 1546 302 1567 cum
326 1538 446 1568 virtutis
467 1538 679 1579 doctrinaeque
701 1538 790 1568 laude
809 1538 932 1569 scholae
955 1547 1079 1579 praees,
1104 1538 1227 1568 honoris
1250 1542 1281 1568 et
1303 1539 1413 1568 amoris

236 1591 344 1612 caussa
378 1584 470 1612 etiam
501 1592 636 1614 seorsum
667 1582 825 1623 appellem.
870 1582 945 1613 Nam
973 1587 1115 1623 quantum
1145 1584 1202 1623 sit,
1230 1581 1308 1623 quod
1331 1580 1413 1613 Tibi

236 1624 370 1663 debeam,
395 1628 444 1666 qui
468 1636 516 1659 me
538 1631 659 1668 praeter
678 1631 797 1658 ceteros
820 1636 922 1657 amore
946 1626 1035 1657 Tuo·
1051 1626 1209 1667 amplexus
1234 1628 1294 1667 sis,
1312 1627 1413 1656 consi-

236 1670 288 1700 liis.
309 1669 402 1700 Tuis
426 1672 626 1711 instruxeris,
657 1672 769 1710 ingenii
793 1671 863 1701 Tui
891 1671 1106 1711 doctrinaeque
1129 1672 1225 1711 copiis
1249 1671 1413 1710 adiuveris,

235 1713 431 1754 prudentiae,
458 1714 668 1756 eloquentiae,
702 1714 871 1754 elegantiae
905 1714 1009 1745 Tuae
1044 1714 1241 1745 admiratione
1266 1714 1413 1754 affeceriS,

239 1758 367 1797 denique
390 1759 530 1799 exemplo
561 1759 637 1790 Tuo
667 1758 703 1789 ad
731 1760 861 1789 omnium
892 1758 1012 1789 laudum
1044 1757 1207 1789 Tuarnm
1236 1758 1414 1789 aemulatio-

237 1810 306 1831 nem
331 1801 518 1843 accenderis,
541 1803 570 1832 id
594 1812 642 1832 me
661 1811 811 1842 nunquam
826 1804 899 1832 satis
913 1802 1002 1841 digna
1018 1802 1107 1832 laude
1124 1802 1301 1843 praedicare
1323 1810 1415 1841 posse

236 1845 389 1885 profiteor.
443 1845 549 1885 Neque
584 1846 635 1876 Tu
664 1850 734 1886 post
760 1846 924 1877 discessum
955 1856 1053 1876 meum
1082 1851 1217 1877 veterem
1256 1846 1414 1876 amicitiam

236 1889 418 1928 deposuisti,
446 1889 501 1919 sed
533 1898 630 1929 usque
648 1890 686 1919 ad
708 1890 787 1919 hunc
809 1890 886 1919 diem
910 1891 950 1919 ita
973 1890 1074 1920 aluisti
1098 1894 1130 1920 et
1158 1890 1353 1928 sustentasti,
1381 1893 1413 1918 ut

236 1933 472 1972 quotiescunque
493 1932 625 1974 Lipsiam
647 1934 808 1974 venisses,
830 1942 878 1963 me
901 1942 1018 1973 quoque
1049 1933 1149 1964 adires
1172 1932 1414 1963 iucundissimis-

236 1986 294 2016 que
317 1976 505 2008 sermonibus
529 1977 617 2007 Tuis
641 1982 671 2008 et
693 1979 881 2018 superiorum
901 1982 1066 2018 temporum
1094 1979 1267 2008 memoriam
1298 1986 1413 2007 mecum
