1668 2480
808 340 840 365 13

230 411 321 444 fuisse,
342 411 461 438 Sinteu.
473 410 532 445 ipse
545 410 625 437 docet
637 419 672 437 ex
684 412 753 437 orat.
766 419 788 437 o.
806 410 929 445 Ctesiph·
938 419 961 437 c.
975 412 1009 437 83
1022 419 1047 445 p.
1061 412 1114 437 636
1127 409 1169 437 ed.
1187 409 1289 437 Reisk.:
1305 407 1357 437 ἐάν
1369 419 1412 442 τις

231 458 318 488 αὑτὸν
339 457 613 496 διαχρήσηται,’τήν
633 460 716 496 χεῖρα
740 458 792 496 τὴν
814 459 899 486 τοῦτο
922 457 1075 495 πράξασαν
1096 457 1184 495 χωρὶς
1205 458 1258 485 τοῦ
1281 458 1413 493 σώματος

231 507 390 545 θάπτομεν.
435 507 474 536 cf.
491 507 600 544 Joseph.
618 508 648 536 B.
665 508 689 537 J.
699 508 746 537 111.
756 511 781 543 8,
795 511 819 537 5.
839 508 917 542 Quod
929 509 1022 536 autem
1033 507 1064 535 in
1074 506 1235 544 quibusdam
1247 506 1412 536 Graecorum

231 559 384 587 civitatibus
397 567 448 586 usu
460 560 599 593 receptum
610 558 693 586 fuisse
705 559 813 592 dicitur,
826 560 858 586 ut
870 558 917 595 qui
929 560 1046 585 mortem
1063 557 1114 585 sibi
1126 557 1297 585 consciscere
1308 557 1412 590 vellent,

231 617 341 636 caussas
355 609 413 636 eius
426 608 466 635 rei
478 608 586 635 senatui
597 608 753 644 probarent,
765 608 896 644 veniaque
908 616 964 635 non
974 607 1123 642 impetrata
1143 607 1167 635 si
1182 607 1267 635 nihilo
1283 607 1372 635 minus
1385 607 1412 634 in

231 657 343 685 consilio
359 657 550 693 perstitissent,
561 658 690 694 insepulti
702 657 884 686 abiicerentur
901 656 1003 693 (Valet.
1015 655 1087 684 Max.
1105 655 1139 684 H.
1158 659 1183 690 6,
1204 659 1226 684 7.
1246 658 1269 684 8.
1307 656 1413 690 Quinct.

231 707 342 735 declam.
356 710 381 734 4.
396 709 456 735 335.
470 710 539 735 337.·
568 708 695 743 Calpur-n.
708 708 797 735 Flacc.
811 707 923 735 declam.
942 709 984 734 20.
998 709 1040 733 51.
1054 706 1086 733 cf.
1104 706 1196 734 Rein.
1213 706 1413 734 Criminalrecht

231 758 278 785 der
297 758 377 785 Rom.
389 767 416 794 p.
429 758 502 793 886),
522 758 550 785 id
562 767 649 794 neque
661 758 698 786 ad
709 757 887 785 Athenienses
904 756 1068 793 pertinuisse
1081 756 1189 784 videtur
1205 756 1255 792 (C.>
1264 755 1293 783 F.
1310 756 1412 784 Herm.

234 808 437 835 Privatalterth.
456 808 482 834 d.
506 807 608 835 Grieclz.
626 808 648 843 ξ.
667 810 700 835 61
718 807 779 834 adn.
797 807 856 842 26),
869 815 918 834 nec
938 806 1006 833 satis
1025 807 1150 834 convenit
1166 815 1228 834 eum
1246 805 1335 833 verbis
1353 805 1413 833 Plu-

232 856 329 890 tarchi,
342 844 397 883 non
414 865 541 892 corpora,
562 856 610 884 sed
626 857 787 884 vestimenta
806 856 937 892 funesque
955 855 1078 891 proiecta
1097 864 1158 884 esse
1171 854 1321 883 referentis.
1358 854 1413 882 Nec

230 906 317 941 magis
331 915 392 933 cum
404 906 551 934 Plutarcho
564 906 689 934 convenit
700 915 759 933 moe
774 906 959 934 Romanorum
972 907 1047 941 (nam
1059 905 1093 933 de
1105 905 1148 933 his
1158 914 1265 942 quoque
1274 904 1414 932 Plutarchi

231 958 353 990 tempore
366 964 420 982 non
433 955 521 982 minus
534 964 617 991 quam
629 955 663 983 de
676 954 787 982 Graecis
800 955 985 991 quaerendum
998 955 1129 989 videtur),
1146 954 1221 990 apud
1242 963 1308 990 quos
1322 962 1414 990 quam-

231 1014 312 1041 quam
324 1014 398 1033 mors
411 1005 565 1033 voluntaria
576 1006 605 1033 in
617 1005 771 1032 universum
782 1005 811 1032 in
823 1005 934 1032 crimine
951 1014 1006 1032 non
1017 1004 1184 1040 ponebatur,
1202 1007 1295 1031 tamen
1312 1004 1358 1040 qui
1376 1003 1414 1031 la—
1436 1010 1438 1015 ⁴

231 1064 300 1091 queo
320 1064 349 1082 se
371 1056 587 1090 suspendissent,
609 1055 764 1090 sepulturae
781 1055 884 1082 honore
901 1055 1022 1082 caruisse
1040 1054 1168 1081 dicuntur
1179 1053 1264 1089 (Serv.
1287 1053 1324 1080 ad
1340 1053 1413 1088 Virg.

233 1104 291 1138 XII,
306 1107 367 1133 603.
406 1104 510 1140 Orelli
526 1104 610 1133 Inscr.
629 1114 654 1132 n.
675 1105 754 1132 4404.
767 1104 800 1132 cf.
812 1103 899 1132 Rein.
916 1103 932 1131 l.
953 1112 974 1131 c.
987 1113 1013 1139 p.
1028 1104 1080 1131 883
1099 1104 1177 1140 sqq.).
1217 1102 1259 1131 De
1278 1102 1413 1138 suppliciis

234 1157 325 1182 autem
338 1155 361 1182 si
374 1156 537 1191 quaerimus,
550 1148 655 1182 certum
666 1154 774 1190 quidem
786 1156 829 1181 est
840 1154 913 1181 inter
923 1154 1001 1181 varia
1013 1162 1108 1181 eorum
1125 1162 1227 1189 genera
1246 1153 1319 1188 apud
1332 1153 1413 1180 Grae-

231 1214 278 1232 cos
298 1205 402 1240 pariter
419 1207 502 1241 atque
523 1204 596 1239 apud
614 1204 750 1231 Romanos
772 1203 854 1230 etiam
875 1203 942 1230 illud
964 1205 1104 1238 receptum
1125 1202 1222 1235 fuisse,
1244 1211 1298 1239 quo
1319 1202 1413 1237 capitis

232 1255 354 1282 damnati
366 1255 395 1282 iu
408 1262 518 1281 carcere
532 1252 774 1289 strangularentur.
798 1252 835 1279 Et
848 1252 881 1280 de
895 1251 1008 1280 Graecis
1021 1252 1131 1289 quidem
1142 1252 1250 1280 illustre
1264 1251 1414 1287 exemplum

231 1307 321 1332 exstat
339 1303 413 1340 apud
432 1303 610 1331 Plutarchum
627 1303 717 1338 ipsum
734 1302 811 1338 Agid.
835 1304 883 1335 193
905 1302 939 1342 fle
957 1302 1167 1329 Atheniensibus
1182 1304 1275 1329 autem
1293 1302 1413 1337 quamvis

230 1357 341 1390 praeter
353 1353 438 1387 illum,
451 1354 485 1381 de
497 1362 550 1390 quo
568 1352 737 1389 quaerimus,
757 1352 829 1379 vitae
846 1351 1035 1379 Themistoclis
1052 1351 1142 1379 locum
1162 1351 1237 1379 aliud
1253 1353 1358 1379 certum
1370 1360 1412 1378 ex-

231 1403 349 1440 emplum
361 1403 537 1436 desideretur,
547 1405 639 1430 tamen
650 1402 701 1429 hos
713 1402 830 1429 maxime
842 1401 977 1437 respicere
990 1401 1115 1429 videntur
1127 1401 1210 1429 verba
1218 1400 1335 1429 Pollucis
1345 1401 1412 1434 vm,

232 1456 281 1480 71:
302 1451 318 1481 ὃ
337 1452 370 1482 δὲ
389 1452 624 1491 παραλαμβάνων
642 1450 708 1484 τούς
720 1448 943 1488 ἀναιρουμένους
961 1451 1091 1478 καλεῖται
1103 1450 1214 1487 δήμιος,
1234 1450 1411 1488 δημόκοινος,

231 1501 246 1532 ὁ
266 1503 340 1541 πρὸς
359 1503 400 1540 τῷ
418 1499 566 1540 ὀρύγματι·
591 1499 640 1529 καὶ
661 1499 697 1528 τὰ
722 1499 855 1537 ἐργαλεῖα
879 1496 970 1527 αὐτοῦ
994 1498 1093 1538 ξίφος,
1118 1498 1237 1538 βρόχος,
1257 1500 1411 1535 τύμπανον,

231 1552 398 1592 φάρμακον,
416 1550 542 1580 κώνειον.
561 1550 600 1579 Cf.
617 1550 716 1578 Zenob.
729 1549 775 1583 VI,
791 1552 831 1577 11.
845 1548 919 1577 Suid.
932 1549 960 1577 in
973 1559 996 1577 v.
1010 1548 1046 1577 τὰ
1063 1548 1130 1588 τρία
1146 1551 1203 1578 τῶν
1219 1548 1260 1583 εἰς
1276 1548 1412 1577 θάνατον.

230 1603 334 1631 Herm.
353 1603 370 1630 l.
390 1611 413 1630 o.
430 1603 453 1638 ἐ.
473 1604 507 1634 72
521 1601 583 1629 adn.
599 1603 633 1629 18
646 1604 673 1629 et
690 1603 733 1628 24.
769 1599 824 1627 Sed
840 1599 873 1627 de
890 1601 1051 1636 corporibus
1068 1604 1161 1628 tamen
1181 1599 1413 1635 strangulatorum

230 1653 297 1681 nihil
308 1652 456 1681 memoriae
468 1651 606 1687 proditum
617 1651 731 1679 videtur.
743 1650 784 1678 De
789 1650 918 1678 Romanis
930 1653 1022 1679 autem
1030 1648 1152 1687 quamvis
1159 1653 1270 1687 praeter
1282 1645 1413 1678 Catilinae

230 1704 389 1731 coniuratos
408 1701 530 1738 (Sallust.
547 1701 626 1729 Catil.
648 1702 694 1736 55)
710 1701 793 1728 etiam
810 1700 866 1728 alia
882 1700 1001 1736 plurima
1020 1700 1144 1736 exempla
1164 1710 1249 1737 quum
1265 1700 1413 1736 superioris

230 1755 290 1780 tum
300 1751 460 1788 posterioris
479 1751 610 1785 temporis
626 1759 712 1788 usque
729 1749 766 1778 ad
784 1743 888 1778 Tiberii
901 1749 1079 1785 Imperatoris
1099 1753 1220 1778 aetatem
1231 1751 1413 1777 memorentur

231 1801 332 1838 (Valet.
344 1801 416 1829 Max.
428 1801 475 1829 VI.
489 1803 514 1835 3,
527 1804 551 1829 3.
564 1802 589 1835 9,
605 1802 645 1829 13.
684 1800 757 1835 Suet.
770 1799 827 1828 Tib.
845 1802 888 1828 61.
907 1803 950 1829 75.
965 1819 969 1824 2
988 1801 1049 1829 Tac.
1069 1801 1138 1829 Ann.
1155 1800 1187 1835 V,
1201 1803 1225 1828 9.
1239 1799 1283 1833 VI,
1300 1801 1341 1827 25.
1359 1799 1414 1833 39),

230 1855 323 1879 tamen
334 1851 376 1879 his
388 1851 456 1878 locis
468 1851 526 1878 fere
537 1850 662 1878 omnibus
675 1851 758 1877 etiarn
769 1849 836 1881 illud
849 1850 972 1884 additur,
985 1860 1102 1886 corpora
1122 1860 1228 1883 eorum,
1247 1850 1293 1886 qui
1313 1849 1414 1876 Romae

229 1902 258 1928 in
270 1909 380 1929 carcere
393 1899 558 1936 strangulati
570 1902 673 1934 essent,
690 1900 761 1928 unco
772 1899 812 1927 in».
822 1898 969 1927 Gemonias
987 1902 1079 1928 tracta
1096 1903 1124 1928 et
1139 1900 1262 1936 proiecta
1280 1907 1353 1931 esse;
1374 1900 1415 1925 ts>

230 1953 342 1987 tumque
354 1950 406 1977 hoe
419 1949 544 1985 supplicii
556 1958 642 1985 genus
654 1950 705 1977 sub
724 1950 922 1985 posterioribus
938 1949 1153 1986 Imperatoribus
1171 1949 1337 1984 abrogatum
1355 1956 1416 1975 esse

230 2009 246 2028 e
264 1999 368 2037 Digest.
381 1999 398 2027 l.
413 2001 430 2027 8
442 1999 465 2036 ἐ.
480 2001 493 2027 1
508 1998 642 2036 (XLVIII,
663 2000 708 2036 19)
726 2000 824 2029 docent
836 2000 925 2029 Rein.
938 2000 955 2028 l.
969 2009 991 2028 c.
1003 2010 1030 2037 p.
1043 2002 1104 2029 913.
1140 1998 1306 2028 Walther.
1323 1997 1413 2026 Geach.
