1668 2480
654 356 782 358 ᾳ
822 342 838 367 4
875 356 1007 359 μ
1058 335 1069 350 .

234 418 316 443 gorae
329 411 357 435 et
368 408 473 436 Melissi
485 409 591 445 physici
604 410 748 446 disciplina
760 420 826 438 usus
839 402 899 438 esse
912 414 1049 445 narratur,
1062 411 1226 439 Plutarchus
1238 422 1293 440 non
1302 413 1354 440 hoc
1365 422 1419 440 uno

232 457 341 485 nomine
353 457 504 493 improbat,
522 459 595 495 quod
607 460 656 488 illa
668 462 822 496 temporum
834 461 935 488 rationi
947 467 1088 498 repugnet,
1101 460 1150 489 sed
1169 462 1252 489 etiam
1264 465 1419 498 propterea,

232 508 306 543 quod
317 517 367 544 per
383 517 413 536 se
425 517 524 544 parum
542 509 671 537 credibile
688 510 735 543 sit,
755 510 966 539 Themistoclem
983 511 1127 547 disciplina
1145 520 1240 538 eorum
1258 520 1337 538 usum
1350 521 1418 544 esse,

232 558 279 593 qui
296 557 439 585 traderent
457 561 533 586 artes
546 558 583 586 ad
594 558 693 594 agendi
706 558 899 587 dexteritatem
912 569 1008 596 parum
1022 562 1185 596 spectantes.
1222 559 1282 587 Hoc
1295 560 1366 588 enim
1378 561 1419 588 ita

232 617 291 636 esse
309 607 351 635 vel
369 607 507 644 particula
526 606 622 637 καίτοι
638 608 667 636 in
684 609 818 645 principio
832 619 926 638 eorum
945 610 1103 643 verborum,
1127 609 1227 646 quibus
1246 609 1419 639 Stesimbroti

232 658 367 686 sententia
379 658 507 691 refertur,
521 658 655 686 collocata
668 661 795 687 testatur.
827 659 932 687 Contra
944 669 1038 687 eorum
1051 659 1194 692 sententia,
1208 660 1255 694 qui
1268 660 1418 688 Themisto-

231 708 299 735 clem
311 707 468 743 Mnesiphili
484 710 649 735 sectatorem
662 708 746 735 fixisse
758 708 938 740 tradiderant.
952 708 1100 737 Plutarcho
1123 708 1158 736 ob
1175 708 1203 736 id
1219 709 1308 744 ipsum
1320 710 1417 746 proba-

230 761 283 790 tur,
293 756 366 793 quod
378 756 455 784 illum
467 756 640 792 prudentiam
653 757 759 785 civilem
771 758 796 785 h.
810 767 832 785 e.
845 767 906 785 eam
919 758 1073 790 scientiam,
1091 758 1135 785 cui
1152 758 1299 793 plurimum
1317 754 1416 795 operae

231 807 311 835 daret
323 806 528 840 ssemistocles,
546 806 694 834 tradidisse
707 807 847 843 discipulis
860 808 986 835 novisset.

302 908 355 942 cap.
374 908 398 934 V.
417 907 440 942 ξ.
459 909 483 933 4.
520 906 618 935 Πάλιν
641 907 674 936 δέ
698 918 768 936 ποτε
792 907 841 936 τὸν
859 906 1019 944 Σιμωνίδην
1038 905 1231 934 ἐπισκώπτων
1249 904 1327 943 ἔλεγε
1350 908 1416 935 νοῦν

232 953 282 983 οὐκ
299 953 384 990 ἔχειν,
404 953 584 993 Κορινθίους
601 955 654 990 μὲν
673 956 861 994 λοιδοροῦντα
879 955 1005 993 μεγάλην
1024 953 1172 987 οἰκοῦντας
1196 955 1298 989 πόλιν,
1326 953 1416 984 αὑτοῦ

231 1005 262 1034 δέ
284 1002 458 1041 ποιούμενον
476 1003 588 1038 εἰκόνας
610 1002 701 1039 οὕτως
720 1005 801 1040 ὄντος
825 1005 944 1044 αἰσχροῦ
961 1004 1013 1043 τὴν
1032 1000 1112 1041 ἷίψιν.
1150 1005 1253 1033 Tacent
1265 1005 1299 1033 de
1311 1005 1337 1033 h.
1351 1006 1415 1033 Lin-

231 1058 371 1091 terpretes,
382 1056 505 1091 quamvis
516 1056 653 1083 sententia
664 1057 807 1085 verborum
817 1058 963 1092 propterea
973 1056 1010 1083 sit
1019 1045 1110 1091 paulio
1121 1054 1257 1083 difficilior
1266 1048 1414 1089 intellectu,

229 1105 302 1140 quod
314 1105 479 1134 Plutarchus
493 1107 558 1142 quid
571 1107 743 1142 potissimum
756 1107 800 1139 sit,
814 1105 887 1141 quod
901 1105 1053 1133 Simonides
1067 1105 1094 1132 in
1108 1105 1257 1133 Corinthiis
1270 1106 1414 1141 reprehen-

229 1154 307 1187 derit,
330 1163 384 1182 non
397 1155 567 1191 significavit.
609 1156 718 1184 Etenim
741 1155 968 1192 quemadmodum
989 1156 1062 1183 inter
1083 1164 1113 1182 se
1136 1157 1311 1191 opponuntur
1332 1155 1414 1183 verba

227 1202 353 1240 μεγάλην
378 1201 527 1240 οἰκοῦντας
552 1204 638 1234 πόλιν
662 1209 690 1233 et
714 1204 805 1240 οὕτως
828 1201 909 1239 ὄντος
935 1203 1054 1244 αἰσχροῦ
1081 1203 1132 1242 τήν
1157 1200 1242 1243 ὄψιν,
1268 1206 1308 1234 ita
1330 1206 1413 1234 etiam

227 1254 316 1281 verbis
336 1253 425 1281 αὑτοῦ
449 1255 623 1290 ποιούμενον
646 1254 758 1288 εἰκόνας
783 1255 886 1291 aliquid
905 1256 1005 1291 opponi
1026 1254 1153 1282 debuisse
1169 1256 1319 1290 putaveris,
1340 1256 1413 1290 quod

228 1304 264 1331 ad
277 1298 431 1331 Corinthios
444 1304 600 1332 referretur.
625 1305 767 1340 Quumque
781 1305 932 1332 Simonides
945 1304 996 1332 hoc
1010 1304 1077 1339 ipso,
1092 1304 1164 1339 quod
1177 1304 1322 1340 imag-inem
1336 1314 1412 1333 suam

228 1353 314 1388 sculpi
327 1356 443 1387 curaret,
456 1355 605 1382 vanitatem
618 1354 755 1390 quandam
770 1355 865 1390 suique
878 1354 1037 1382 iactantiam
1054 1352 1219 1389 prodiderit,
1237 1354 1332 1382 credas
1350 1364 1411 1382 eum

227 1403 298 1430 idem
312 1404 414 1436 vitium,
428 1404 473 1431 cui
485 1404 544 1440 ipse
557 1404 718 1439 indulgeret,
732 1405 939 1440 reprehendisse
951 1404 979 1431 in
993 1403 1151 1431 Corinthiis.
1188 1403 1316 1430 Attamen
1329 1413 1411 1439 quum

226 1452 389 1480 Plutarchus
408 1453 475 1480 nihil
492 1453 548 1480 tale
564 1453 712 1486 addiderit,
726 1454 813 1480 verbis
827 1451 917 1481 αὑτοῦ
930 1451 1042 1485 εἰκόνας
1056 1448 1229 1486 ποιούμενον
1247 1453 1314 1480 nihil
1336 1454 1411 1481 aliud

226 1502 277 1529 nisi
290 1503 379 1538 ipsum
392 1502 505 1530 verbum
518 1502 661 1540 λοιδορεῖν
674 1503 833 1538 opposuisse
849 1502 970 1530 videtur.
990 1505 1020 1529 ut
1039 1504 1185 1537 propterea
1203 1502 1320 1538 insipere
1340 1503 1411 1531 dica-

225 1555 269 1579 tur
282 1552 441 1585 Simonides,
459 1551 533 1587 quod
547 1552 695 1579 Corinthiis
714 1553 822 1588 quidem
840 1552 982 1588 praecidat
1001 1551 1117 1587 gloriam
1132 1554 1245 1587 propter
1261 1552 1336 1580 urbis
1354 1563 1409 1581 am-

225 1602 385 1637 plitudinem
398 1602 527 1635 debitam,
541 1602 592 1629 sibi
605 1611 669 1630 vero
686 1602 803 1639 imagine
823 1612 873 1630 sua
893 1601 1076 1638 exsculpenda
1094 1603 1205 1637 arroget
1221 1601 1340 1635 laudem,
1358 1613 1412 1639 qua

224 1655 338 1688 propter
351 1652 430 1680 faciei
445 1652 648 1680 deformitatem
660 1662 758 1688 parum
772 1653 870 1688 dignus
883 1652 1015 1680 videatur.
1033 1653 1122 1687 Atque
1135 1650 1251 1679 ludibrio
1264 1652 1411 1688 aliquando

225 1702 379 1729 Corinthios
398 1712 416 1729 a
438 1702 575 1730 Simonide
597 1704 707 1731 habitos
723 1706 772 1730 aut
795 1705 869 1729 certe
892 1702 988 1729 haberi
1010 1702 1062 1729 sibi
1085 1702 1156 1728 visos
1179 1711 1251 1734 esse,
1273 1705 1412 1729 testantur

224 1751 306 1779 etiam
325 1751 409 1779 verba
425 1752 582 1779 Aristotelis
603 1752 713 1780 Rhetor.
740 1756 763 1786 l,
784 1756 813 1781 6:
839 1752 1067 1790 λελοιδορῆσθαι
1089 1748 1235 1786 ὑπέλαβον
1252 1749 1412 1789 Κορίνθιοι

224 1799 281 1830 ὑπὸ
306 1800 468 1837 Σιμωνίδου
489 1801 672 1840 ποιήσαντος·
717 1801 890 1841 Κορινθίοις
915 1800 940 1830 δ’
961 1798 995 1830 οὗ
1013 1801 1159 1840 μέμφεται
1176 1800 1209 1829 τὸ
1221 1797 1323 1835 Ἴλιον,
1341 1811 1410 1837 quae

225 1852 307 1879 verba
323 1851 480 1878 referuntur
498 1852 535 1878 ad
553 1852 735 1887 fragmentum
754 1852 893 1886 quoddam
912 1851 1069 1883 Simonidis,
1091 1860 1145 1886 quo
1165 1851 1245 1878 Ilium
1264 1851 1411 1878 Corinthiis

225 1910 277 1928 non
295 1900 378 1928 irasci
397 1900 506 1928 dixerat
526 1903 673 1937 propterea
695 1901 769 1937 quod
788 1901 826 1929 illi
839 1902 867 1929 in
889 1900 961 1929 bello
975 1900 1094 1929 Troiano
1116 1910 1169 1929 non
1193 1900 1279 1929 solum
1301 1900 1410 1936 Danais,

226 1959 317 1978 verum
330 1951 414 1978 etiam
430 1950 555 1979 Troianis
570 1952 632 1987 (per
645 1951 778 1979 Glaucum
794 1951 925 1980 Corintho
939 1950 1093 1986 oriundum)
1106 1960 1185 1987 opem
1198 1950 1333 1979 tulissent.
1372 1952 1410 1979 Cf.

226 1999 338 2034 Bergk.
351 2001 424 2035 poelt.
438 1999 488 2035 lyr.
501 2009 527 2035 p.
542 2002 602 2027 888.
641 2000 813 2036 Quamquam
835 2000 908 2035 quod
929 2001 957 2028 in
978 2001 1020 2028 his
1041 2000 1131 2028 verbis
1152 2001 1241 2028 inesse
1263 2001 1411 2037 putabatur
