1668 2480
810 330 827 355 9

230 402 340 431 Graecis
353 401 591 438 congrederentur,
604 401 632 428 in
651 401 813 429 Salaminem
827 401 947 429 insulam
964 400 1133 434 traduceret,
1150 409 1243 429 verum
1264 401 1358 435 etiam,
1378 404 1410 430 ut

229 452 341 480 Graecis
353 460 403 488 per
414 451 515 479 fretum
524 450 708 484 Salaminium,
720 451 749 478 in
760 460 815 487 quo
828 451 1016 487 gravissimam
1028 450 1133 478 cladem
1150 451 1309 486 accepisset,
1327 452 1409 480 inter-

230 502 351 530 cluderet
360 502 437 529 viam
457 501 512 529 Sed
521 501 632 530 obstare
644 500 707 528 huic
716 500 861 529 verborum
873 501 1017 529 iuncturae
1028 500 1143 533 videtur,
1156 509 1210 528 non
1221 500 1291 528 illud
1302 501 1409 536 quidem

230 551 303 587 quod
311 551 419 579 dativus
431 551 575 586 participio
587 560 637 578 suo
649 550 843 586 praemittitur,
852 550 929 585 quod
941 550 1031 586 ipsum
1043 558 1151 585 quoque
1164 549 1200 577 ad
1209 549 1314 578 hiatum
1327 551 1410 578 vitan-

231 600 367 628 dumfieri
388 601 488 636 potuit,
501 600 550 628 sed
561 600 620 636 ipse
632 608 697 627 usus
710 600 853 628 verborum
875 599 1061 627 Plutarcheus.
1099 599 1169 627 Nam
1186 602 1219 627 ut
1230 599 1358 636 frequens
1370 604 1412 628 est

232 648 350 687 ἐπάγειν
366 649 422 679 τινί
437 660 465 678 τι
484 649 518 678 de
530 650 658 683 exercitu,
671 650 718 686 qui
731 649 839 677 ducitur
851 652 949 678 contra
960 649 1079 685 aliquem
1092 649 1137 685 (cf.
1151 649 1241 677 Crass.
1257 652 1288 677 17
1303 648 1412 687 ἐπαγα-

232 699 289 737 γών
300 699 351 738 τὴν
363 698 483 736 δύναμιν
496 697 613 735 αὐτοῖς),
625 700 666 728 ita
674 700 845 728 rarissimum
858 699 965 727 videtur
976 698 1154 738 ἐμφράσσειν
1165 698 1222 728 τινί
1239 710 1267 728 τι
1285 699 1335 728 hoc
1354 701 1412 735 qui-

232 750 294 777 dem
306 758 399 781 sensu.
412 752 444 776 ut
457 750 493 777 sit
510 749 593 777 viam
611 749 712 777 alicui
731 749 882 784 obsepire
895 758 916 776 s.
929 749 1163 777 intercludere.
1202 749 1282 777 Certe
1303 749 1332 776 in
1352 749 1412 776 Plu-

232 799 320 827 tarchi
333 799 396 827 vitis
408 807 522 835 semper,
536 799 609 835 quod
621 800 714 832 sciam,
732 798 831 834 legitur
844 799 884 826 sic
896 801 928 826 ut
939 798 1097 834 simpliciter
1109 800 1147 827 sit
1164 799 1347 831 obstruere,
1359 808 1413 826 non

231 849 326 877 addito
351 849 442 885 aliquo
464 848 556 877 dativo
577 857 716 885 personae.
755 848 794 876 cf.
808 848 873 876 Fab.
886 848 957 876 Max.
971 852 987 876 6
1001 849 1105 877 Lucull.
1118 851 1135 877 9
1148 849 1206 877 Nic.
1219 851 1254 877 24
1267 848 1365 885 Agesil.
1379 850 1411 875 39

234 899 287 926 Cic.
303 901 343 926 18.
356 899 432 926 Arat-
448 901 489 926 16.

305 950 358 983 Gap.
377 949 447 976 xm.
467 948 490 983 ξ,
509 949 534 974 2.
571 944 634 975 ἀλλ’
659 946 757 984 ὥσπερ
783 946 919 984 πλατάνῳ
943 947 1163 983 χειμαζομένους
1180 948 1234 984 μὲν
1252 946 1415 986 ὑποτρέχειν

234 997 282 1025 καὶ
310 997 521 1030 κινδυνεύοντας
529 1018 536 1030 ,
563 994 661 1030 εὐδίας
689 996 721 1024 δέ
747 995 814 1034 περὶ
845 993 950 1030 αὐτοὺς
978 998 1127 1035 γενομένης
1155 995 1261 1025 τίλλειν
1290 996 1339 1026 καὶ
1364 1008 1414 1026 κο-

235 1045 338 1075 λοιέιν.
376 1046 496 1074 Sinten.
510 1046 563 1081 (ed.
576 1046 689 1074 Weidm.
703 1048 731 1074 et
744 1046 864 1082 Tenba),
877 1055 957 1082 quem
970 1046 1014 1074 hic
1032 1056 1140 1082 quoque
1152 1046 1276 1083 sequitur
1293 1047 1414 1075 Bekke-

235 1106 249 1124 r
256 1106 274 1125 u
281 1105 307 1131 s,
321 1105 335 1125 e
349 1096 465 1125 duorum
477 1096 600 1125 codicum
610 1096 643 1133 (C
653 1097 704 1133 Fa)
714 1098 878 1125 auctoritate
889 1099 955 1125 ante
968 1096 1181 1130 κινδυνεύοντας
1190 1097 1282 1125 omisit
1293 1097 1414 1126 voculam

237 1145 295 1180 καί,
313 1147 365 1174 hac
378 1147 472 1175 notula
484 1147 637 1183 adscripta:
650 1158 738 1181 „worm
757 1150 795 1175 tie
813 1149 867 1175 sich
886 1150 913 1175 in
937 1148 1039 1184 Gesahr
1061 1149 1206 1184 befdnden,
1218 1148 1361 1185 flfichteten
1378 1150 1415 1176 εἰσ

235 1196 290 1224 sich
309 1207 341 1224 zu
355 1197 417 1229 ihm,
436 1199 484 1224 wie
502 1207 552 1224 von
573 1199 656 1225 einem
673 1197 800 1225 Gewitter
813 1198 940 1234 befallene
958 1203 1036 1225 anter
1055 1200 1128 1225 einen
1141 1199 1260 1225 Belum-‘⁶
1293 1197 1345 1225 Sed
1356 1198 1416 1234 ipsa

236 1245 379 1273 verborum
392 1246 534 1274 collocatio
548 1249 576 1274 et
588 1247 767 1282 oppositionis
780 1248 852 1274 ratio
865 1247 981 1283 flagitat,
993 1250 1025 1275 ut
1036 1250 1188 1275 vertamus:
1208 1256 1268 1275 vom
1291 1248 1416 1276 Gemitter

239 1296 352 1332 befallen
362 1296 509 1332 flsschteten
528 1298 565 1324 sie
584 1298 631 1331 (zu
651 1297 719 1331 ihm)
737 1298 784 1324 wie
797 1302 874 1324 'mter
887 1299 961 1325 einen
973 1298 1072 1325 Baum.
1109 1296 1180 1324 Nam
1193 1297 1417 1332 quemadmodum

237 1346 265 1372 in
278 1345 454 1381 sequentibus
467 1343 565 1379 εὐδίας
585 1346 617 1374 δὲ
636 1346 703 1385 περὶ
722 1343 827 1379 αὐτοῦς
844 1346 994 1382 γενομένης
1012 1344 1118 1374 τίλλειν
1130 1345 1179 1374 καὶ
1197 1344 1336 1379 κολούειν,
1348 1355 1417 1382 quae

237 1386 363 1431 imaginis
375 1396 487 1431 propria
499 1399 565 1423 sunt
576 1396 610 1424 de
622 1399 785 1432 tempestate
803 1399 831 1424 et
843 1397 942 1424 arbore
955 1399 1090 1432 sumptae‚-
1098 1399 1191 1424 tamen
1203 1395 1241 1423 ad
1252 1396 1326 1431 ipsos
1338 1392 1418 1424 'Athe-

238 1445 345 1472 nienses
368 1445 529 1478 reseruntur,
554 1446 595 1473 ita
610 1446 682 1474 idem
704 1447 786 1474 etiam
803 1446 836 1474 de
856 1445 1078 1481 χειμαζομένους
1091 1445 1272 1473 statuendum.
1301 1445 1379 1478 Quod
1395 1446 1419 1472 si

238 1496 279 1523 ita
291 1497 340 1529 est,
355 1503 436 1530 aegre
448 1494 600 1523 carebimus
612 1495 708 1524 vocula
725 1495 786 1530 καί,
804 1504 858 1531 qua
877 1493 1089 1529 κινδυνεύοντας
1106 1498 1247 1532 tamquam
1262 1495 1419 1531 interpret&

239 1548 360 1573 mentum
372 1545 509 1581 quoddam
522 1554 583 1573 cum
593 1546 816 1582 χειμαζομένους
833 1547 969 1581 iungatur.
994 1545 1164 1581 Quamquam
1176 1548 1208 1573 ut
1220 1554 1312 1574 verum
1324 1545 1420 1579 fatear,

240 1604 301 1623 cum
313 1593 363 1623 καί
375 1594 471 1623 vocula
484 1595 567 1623 etiam
579 1595 668 1631 ipsum
680 1593 892 1629 κινδυνεύοντας
911 1595 1006 1623 abesse
1024 1595 1132 1629 malim,
1151 1595 1226 1631 quod
1240 1596 1268 1624 in
1281 1596 1368 1624 altera
1380 1596 1420 1624 ed.

240 1645 353 1673 Weidm.
367 1645 449 1672 etiam
461 1644 535 1680 apud
547 1637 759 1673 Sintenisium
770 1646 848 1674 uncis
867 1645 1001 1673 inclusum
1017 1645 1102 1673 video.
1132 1644 1171 1672 Cf.
1184 1645 1274 1673 locum
1287 1647 1421 1682 geminum

241 1704 274 1722 ex
286 1695 421 1730 Apophth.
434 1703 460 1729 p.
475 1696 525 1722 185
536 1694 559 1721 E
577 1703 595 1722 a
607 1694 727 1722 Sinten.
741 1695 782 1730 (in
793 1695 855 1721 mai.
869 1694 910 1721 ed.
924 1695 1027 1729 Them.)
1040 1695 1167 1722 allatum:
1187 1697 1249 1728 ταῖς
1266 1693 1422 1728 πλατάνοις

241 1741 396 1777 ἀπείκαζεν
414 1740 511 1778 αὑτόν,
531 1738 578 1776 αἷς
589 1740 780 1781 ὑποτρέχουσι
798 1743 1007 1780 χειμαζόμενοι,
1028 1744 1179 1783 γενομένης
1197 1745 1230 1773 δὲ
1249 1742 1346 1777 εὐδίας
1364 1742 1423 1771 τίλ-

243 1793 325 1822 λουσι
344 1792 555 1831 παρερχόμενοι
572 1792 621 1821 καὶ
639 1792 813 1830 λοιδοροῦσι.

316 1842 393 1869 Ibid.
413 1843 435 1877 ξ.
456 1844 480 1869 3.
518 1840 575 1879 ἔφη
594 1843 630 1879 τῇ
647 1840 735 1880 ἑορτῇ
753 1842 805 1879 τὴν
822 1841 976 1883 ὑστεραίαν
994 1843 1090 1881 ἐρίσαι
1109 1844 1258 1880 λέγουσαν,
1279 1842 1319 1877 ὥς
1336 1842 1427 1880 ἐκείνη

244 1891 296 1926 μὲν
315 1889 460 1927 ἀσχολιῶν
478 1901 509 1919 τε
527 1890 616 1928 μεστὴ
637 1890 686 1918 καὶ
705 1891 840 1930 κοπώδης
858 1892 942 1926 ἐστὶν,
963 1892 993 1921 ἐν
1012 1891 1086 1931 αὐτῇ
1111 1892 1143 1920 δὲ
1167 1892 1274 1926 πάντες
1297 1890 1428 1920 ἆπολάυ-

245 1951 310 1969 ουσι
332 1943 389 1970 τῶν
412 1940 687 1979 παρεσκευασμένων
710 1941 901 1976 σχολάζοντες.
925 1943 1001 1971 Haec
1017 1944 1064 1978 qui
1082 1943 1172 1970 obiter
1187 1945 1295 1971 tuntmn
1306 1944 1428 1978 inspexe-

244 1991 293 2023 rit,
306 1991 386 2018 facile
398 1992 426 2018 in
439 1990 509 2017 hanc
524 1990 677 2024 opinionem
689 1990 850 2024 adducatur,
863 1994 895 2019 ut
906 1993 990 2019 verba
1009 1989 1048 2024 ὥς
1066 1982 1208 2028 ἐκείνη-
1221 1991 1357 2028 κοπώδης
1375 1992 1427 2018 diei

1236 2045 1248 2064 2
